@article{AbdullahiSaniAdilaFirdausSeungRyulJeong2013,
 author = {{Abdullahi Sani, Adila Firdaus, Seung Ryul Jeong}, Imran Ghani},
 issn = {0975-8887},
 journal = {International Journal of Computer Applications},
 keywords = {Agile Development,DSDM,Dynamic System Development Method,Software Engineering,Software Security},
 number = {25},
 pages = {975--8887},
 title = {{A Review on Software Development Security Engineering Using Dynamic System Method (DSDM)}},
 volume = {69},
 year = {2013}
}

@book{Abrahamsson2002Agile,
 archiveprefix = {arXiv},
 arxivid = {1709.08439},
 author = {Abrahamsson, Pekka and Salo, Outi and Ronkainen, Jussi},
 eprint = {1709.08439},
 isbn = {951–38–6009–4},
 keywords = {prototyping},
 publisher = {VTT},
 title = {{Agile Software Development Methods - Review and Analysis}},
 url = {http://www.vtt.fi/inf/pdf/publications/2002/P478.pdf},
 year = {2002}
}

@inproceedings{Ahmad2014,
 author = {Ahmad, Aakash and Babar, Muhammad Ali},
 booktitle = {Proceedings of the First International Conference on Dependable and Secure Cloud Computing Architecture - DASCCA '14},
 doi = {10.1145/2578128.2578232},
 isbn = {9781450325233},
 issn = {1462-608X},
 keywords = {L2CHM,architecture,architecture-centric software migration,candidate,cloud computing,reverse engineering and evolution,service-driven},
 pages = {1--8},
 title = {{A Framework for Architecture-Driven Migration of Legacy Systems to Cloud-Enabled Software}},
 url = {http://dl.acm.org/citation.cfm?doid=2578128.2578232},
 year = {2014}
}

@article{Alavi1984,
 author = {Alavi, Maryam},
 doi = {10.1145/358080.358095},
 issn = {0001-0782},
 journal = {Communications of the ACM},
 month = {6},
 number = {6},
 pages = {556--563},
 title = {{An Assessment of the Prototyping Approach to Information Systems Development}},
 url = {http://portal.acm.org/citation.cfm?doid=358080.358095},
 volume = {27},
 year = {1984}
}

@article{Albrecht1983FP,
 author = {Albrecht, A.J. and Gaffney, J.E.},
 doi = {10.1109/TSE.1983.235271},
 issn = {0098-5589},
 journal = {IEEE Transactions on Software Engineering},
 month = {11},
 number = {6},
 pages = {639--648},
 title = {{Software Function, Source Lines of Code, and Development Effort Prediction: A Software Science Validation}},
 url = {http://ieeexplore.ieee.org/document/1703110/},
 volume = {SE-9},
 year = {1983}
}

@article{Allahbakhsh2013,
 author = {Allahbakhsh, Mohammad and Benatallah, Boualem and Ignjatovic, A. and Motahari-Nezhad, Hamid Reza and Bertino, Elisa and Dustdar, Schahram},
 doi = {10.1109/MIC.2013.20},
 journal = {IEEE Internet Computing},
 number = {2},
 pages = {76--81},
 title = {{Quality Control in Crowdsourcing Systems: Issues and Directions}},
 url = {http://ieeexplore.ieee.org/xpls/abs{\_}all.jsp?arnumber=6488672},
 volume = {17},
 year = {2013}
}

@inproceedings{Almonaies2010SOAStrategies,
 author = {Almonaies, Asil A. and Cordy, James R. and Dean, Thomas R.},
 booktitle = {International Workshop on SOA Migration and Evolution (SOAME 2010)},
 doi = {10.1.1.212.5383},
 keywords = {legacy systems,migration,redevelop,redevelopment,soa,wrapping},
 pages = {53--62},
 title = {{Legacy System Evolution Towards Service-Oriented Architecture}},
 url = {http://research.cs.queensu.ca/home/cordy/Papers/ACD{\_}MigToSOA{\_}SOAME10.pdf},
 year = {2010}
}

@techreport{AmazonWebServices2017CAF,
 author = {{Amazon Web Services Inc.}},
 institution = {Amazon Web Services, Inc.},
 keywords = {AWS Migration,candidate},
 number = {February},
 publisher = {Amazon Web Services, Inc.},
 title = {{An Overview of the AWS Cloud Adoption Framework - Version 2}},
 url = {https://aws.amazon.com/professional-services/CAF/},
 year = {2017}
}

@techreport{AmazonWebServices2018,
 author = {{Amazon Web Services Inc.}},
 keywords = {AWS Migration,candidate},
 title = {{Architecting for the Future the Benefits of Running Microsoft Workloads on AWS}},
 year = {2018}
}

@techreport{AmazonWebServices2018Migration,
 author = {{Amazon Web Services Inc.}},
 institution = {Amazon Web Services, Inc.},
 keywords = {AWS Migration,candidate},
 number = {March},
 publisher = {Amazon Web Services, Inc.},
 title = {{AWS Migration Whitepaper}},
 url = {https://aws.amazon.com/de/whitepapers/},
 year = {2018}
}

@book{Anderson2010Kanban,
 author = {Anderson, David J},
 publisher = {Blue Hole Press},
 title = {{Kanban: Successful Evolutionary Change for Your Technology Business}},
 year = {2010}
}

@article{Arsanjani2008SOMA,
 author = {Arsanjani, A. and Ghosh, S. and Allam, A. and Abdollah, T. and Ganapathy, S. and Holley, K.},
 doi = {10.1147/sj.473.0377},
 issn = {0018-8670},
 journal = {IBM Systems Journal},
 number = {3},
 pages = {377--396},
 title = {{SOMA: A Method for Developing Service-Oriented Solutions}},
 url = {http://ieeexplore.ieee.org/document/5386496/},
 volume = {47},
 year = {2008}
}

@techreport{ARTIST2013Taxonomy,
 author = {Bruneli{\`{e}}re, Hugo and C{\'{a}}novas, Javier and Doux, Guillaume and Strau{\ss}, Oliver and Orue-Echevarria, Leire},
 issn = {0030-6126},
 keywords = {ARTIST,candidate},
 title = {{ARTIST Taxonomy of Legacy Artefacts}},
 year = {2013}
}

@techreport{ARTIST2014Methodology,
 author = {Orue-Echeverria, Leire and Alonso, Juncal and Escalante, Marisa and Bruneli{\`{e}}re, Hugo and Canovas, Javier and Strau{\ss}, Oliver and Gorro{\~{n}}ogoitia, Jesus and Pellens, Bram and Konstanteli, Kleopatra and Kousiouris, George and Troya, Javier and Neubauer, Patrick and Wimmer, Manuel},
 keywords = {ARTIST,candidate},
 pages = {15--22},
 title = {{ARTIST Methodology M30}},
 url = {http://www.artist-project.eu/},
 year = {2014}
}

@techreport{ARTIST2014SOTA,
 author = {Menychtas, Andreas and Evangelinou, Athanasia and Kousiouris, George and Gorro{\~{n}}ogoitia, Jesus and Pellens, Bram and Orue-Echevarria, Leire and Strauss, Oliver and Senkova, Tatiana and Bruneli{\`{e}}re, Hugo and Canovas, Javier},
 keywords = {ARTIST,candidate},
 title = {{ARTIST Analysis of Current Migration Approaches}},
 url = {http://www.artist-project.eu/},
 year = {2014}
}

@techreport{ARTIST2015ProcessFramework,
 author = {Konstanteli, Kleopatra and Orue-Echevarria, Leire and Bruneli{\`{e}}re, Hugo and Gorro{\~{n}}ogoitia, Jesus and Ibarra, Juncal Alonso and Karaboga, Burak and Liagouras, George and Martinez, Marisa Escalante and Pellens, Bram and Stuer, Peter},
 issn = {0002-838X},
 keywords = {ARTIST,Keyword,List:,candidate},
 pages = {1--73},
 title = {{ARTIST Methodology Process Framework M30}},
 year = {2015}
}

@inproceedings{Aversano2001,
 author = {Aversano, Lerina and Canfora, Gerardo and Cimitile, Aniello and Lucia, Andrea De},
 booktitle = {Proceedings Fifth European Conference on Software Maintenance and Reengineering},
 doi = {10.1109/.2001.914979},
 isbn = {0769510280},
 pages = {148--157},
 publisher = {IEEE Comput. Soc},
 title = {{Migrating Legacy Systems to the Web: An Experience Report}},
 url = {http://ieeexplore.ieee.org/lpdocs/epic03/wrapper.htm?arnumber=914979},
 year = {2001}
}

@article{Avgeriou2016TD,
 author = {Avgeriou, Paris and Kruchten, Philippe and Ozkaya, Ipek and Seaman, Carolyn B},
 doi = {10.4230/DagRep.6.4.110},
 journal = {Dagstuhl Reports},
 keywords = {dblp},
 number = {4},
 pages = {110--138},
 title = {{Managing Technical Debt in Software Engineering (Dagstuhl Seminar 16162).}},
 volume = {6},
 year = {2016}
}

@inproceedings{Bakaev2017Kansei,
 author = {Bakaev, Maxim and Khvorostov, Vladimir and Heil, Sebastian and Gaedke, Martin},
 booktitle = {2017 IEEE 25th International Requirements Engineering Conference Workshops (REW)},
 doi = {10.1109/REW.2017.13},
 isbn = {9781538634882},
 keywords = {Kansei engineering,Neural networks,Non-functional requirements,Re-use,Software quality,Usability evaluation,meAuthor,similarity,subjective similarity},
 month = {9},
 pages = {125--131},
 publisher = {IEEE},
 title = {{Evaluation of User-Subjective Web Interface Similarity With Kansei Engineering-Based ANN}},
 url = {http://ieeexplore.ieee.org/document/8054840/},
 year = {2017}
}

@incollection{Bakaev2017WebIntelligence,
 author = {Bakaev, Maxim and Khvorostov, Vladimir and Heil, Sebastian and Gaedke, Martin},
 booktitle = {Web Engineering: Proceedings of the 17th International Conference on Web Engineering (ICWE2017)},
 doi = {10.1007/978-3-319-60131-1_22},
 isbn = {9783319601304},
 issn = {1611-3349},
 keywords = {Data mining,Linked data quality,Model-driven development,Software reuse,Web design patterns,meAuthor},
 pages = {370--377},
 editor = {Cabot, Jordi and Virgilio, Roberto De and Torlone, Riccardo},
 title = {{Web Intelligence Linked Open Data for Website Design Reuse}},
 url = {http://link.springer.com/10.1007/978-3-319-60131-1{\_}22},
 year = {2017}
}

@inproceedings{Bakaev2018APEIE,
 author = {Bakaev, Maxim and Laricheva, Tatiana A. and Heil, Sebastian and Gaedke, Martin},
 booktitle = {2018 XIV International Scientific-Technical Conference on Actual Problems of Electronics Instrument Engineering (APEIE)},
 doi = {10.1109/APEIE.2018.8545807},
 isbn = {9781538670545},
 keywords = {complexity,meAuthor},
 month = {10},
 pages = {381--385},
 publisher = {IEEE},
 title = {{Analysis and Prediction of University Websites Perceptions by Different User Groups}},
 url = {https://ieeexplore.ieee.org/document/8545807/},
 year = {2018}
}

@inproceedings{Bakaev2018ICWE,
 author = {Bakaev, Maxim and Heil, Sebastian and Khvorostov, Vladimir and Gaedke, Martin},
 booktitle = {Web Engineering: Proceedings of the 18th International Conference on Web Engineering (ICWE2018)},
 editor={Mikkonen, Tommi and Klamma, Ralf and Hern{\'a}ndez, Juan},
 doi = {10.1007/978-3-319-91662-0_10},
 isbn = {9783319916613},
 issn = {1611-3349},
 keywords = {HCI vision,Human factors,Image recognition,Visual complexity,Web design mining,meAuthor},
 pages = {136--144},
 title = {{HCI Vision for Automated Analysis and Mining of Web User Interfaces}},
 url = {http://link.springer.com/10.1007/978-3-319-91662-0{\_}10},
 year = {2018}
}

@inproceedings{Bakaev2019ICWE,
 address = {Daejeon, Korea},
 author = {Bakaev, Maxim and Heil, Sebastian and Perminov, Nikita and Gaedke, Martin},
 booktitle = {Web Engineering: Proceedings of 19th International Conference on Web Engineering (ICWE2019)},
 keywords = {meAuthor},
 publisher = {Springer},
 pages={525--529},
 editor = {Bakaev, Maxim and Frasincar, Flavius and Ko, In-Young},
 title = {{Integration Platform for Metric-Based Analysis of Web User Interfaces}},
 year = {2019}
}

@article{Bakaev2019JWE,
 author = {Bakaev, Maxim and Heil, Sebastian and Khvorostov, Vladimir and Gaedke, Martin},
 doi = {10.13052/jwe1540-9589.17676},
 issn = {1540-9589},
 journal = {Journal of Web Engineering},
 keywords = {meAuthor},
 number = {6},
 pages = {561--590},
 title = {{Auto-Extraction and Integration of Metrics for Web User Interfaces}},
 url = {http://www.riverpublishers.com/journal{\_}read{\_}html{\_}article.php?j=JWE/17/6/6},
 volume = {17},
 year = {2019}
}

@techreport{Batlajery2014IndustrialSurveyModernization,
 author = {Batlajery, Belfrit V. and Khadka, Ravi and Saeidi, Amir M. and Jansen, Slinger and Hage, Jurriaan},
 keywords = {servicify},
 number = {September},
 title = {{Industrial Perception of Legacy Software System and Their Modernization}},
 url = {https://servicifi.files.wordpress.com/2014/02/finaltechrep3.pdf},
 year = {2014}
}

@book{Beedle2002Scrum,
 address = {Upper Saddle River, NJ, USA},
 author = {Beedle, Mike and Schwaber, Ken},
 edition = {1st},
 isbn = {0130676349},
 publisher = {Prentice Hall PTR},
 title = {{Agile Software Development With Scrum}},
 year = {2001}
}

@article{Bernardi2009Re-UWA,
 author = {Bernardi, Mario Luca and {Di Lucca}, Giuseppe Antonio and Distante, Damiano},
 doi = {10.1007/s10009-009-0126-1},
 issn = {1433-2779},
 journal = {International Journal on Software Tools for Technology Transfer},
 keywords = {Reverse engineering,UWA,UWA/UWAT+,User-centered conceptual models,Web Application evolution,candidate},
 number = {6},
 pages = {485--501},
 title = {{The RE-UWA Approach to Recover User Centered Conceptual Models fromWeb Applications}},
 volume = {11},
 year = {2009}
}

@online{Berners-Lee1989,
 author = {Berners-Lee, Tim},
 booktitle = {CERN},
 keywords = {WebAsPlatform,online},
 number = {March 1989},
 pages = {1--14},
 title = {{Information Management: A Proposal}},
 url = {http://info.cern.ch/Proposal.html},
 urldate = {2018-07-11},
 year = {1990}
}

@inproceedings{Bernhart2012,
 author = {Bernhart, Mario and Mauczka, Andreas and Fiedler, Michael and Strobl, Stefan and Grechenig, Thomas},
 booktitle = {2012 28th IEEE International Conference on Software Maintenance (ICSM)},
 doi = {10.1109/ICSM.2012.6405313},
 isbn = {9781467323123},
 issn = {1063-6773},
 keywords = {AODB,airport operations,incremental,migration,reengineering},
 month = {9},
 pages = {503--510},
 publisher = {IEEE},
 title = {{Incremental Reengineering and Migration of a 40 Year Old Airport Operations System}},
 url = {http://ieeexplore.ieee.org/lpdocs/epic03/wrapper.htm?arnumber=6405313},
 year = {2012}
}

@techreport{BetterCloud2017SaaSWorkplace,
 author = {Politis, David},
 institution = {BetterCloud},
 title = {{2017 State of the SaaS-Powered Workplace}},
 url = {https://www.bettercloud.com/monitor/wp-content/uploads/sites/3/2017/05/2017stateofthesaaspoweredworkplace-report-1.pdf},
 year = {2017}
}

@inproceedings{Biggerstaff1993ConceptAssignmentICSE,
 author = {Biggerstaff, Ted J. and Mitbander, Bharat G. and Webster, Dallas E.},
 booktitle = {Proceedings of 1993 15th International Conference on Software Engineering},
 doi = {10.1109/ICSE.1993.346017},
 isbn = {0818637005},
 issn = {0001-0782},
 keywords = {-- reverse engineering,concept,connectionist,domain,first expression of computational,intent is designed for,knowledge base,plausible reasoning,recognition,slicing},
 number = {5},
 pages = {482--498},
 publisher = {IEEE Comput. Soc. Press},
 title = {{The Concept Assignment Problem in Program Understanding}},
 url = {http://portal.acm.org/citation.cfm?id=175290.175300 http://ieeexplore.ieee.org/document/346017/},
 volume = {37},
 year = {1993}
}

@article{Biggerstaff1994ConceptAssignmentJournal,
 author = {Biggerstaff, Ted J. and Mitbander, Bharat G. and Webster, Dallas E.},
 doi = {10.1145/175290.175300},
 issn = {0001-0782},
 journal = {Communications of the ACM},
 month = {5},
 number = {5},
 pages = {72--82},
 title = {{Program Understanding and the Concept Assignment Problem}},
 url = {http://portal.acm.org/citation.cfm?doid=175290.175300},
 volume = {37},
 year = {1994}
}

@inproceedings{BingWu1997Butterfly,
 author = {{Bing Wu} and Lawless, Deirdre and Bisbal, Jesus and Richardson, Ray and Grimson, Jane and Wade, Vincent and O'Sullivan, D.},
 booktitle = {Proceedings. Third IEEE International Conference on Engineering of Complex Computer Systems (Cat. No.97TB100168)},
 doi = {10.1109/ICECCS.1997.622311},
 isbn = {0818681268},
 pages = {200--205},
 publisher = {IEEE Comput. Soc},
 title = {{The Butterfly Methodology: A Gateway-Free Approach for Migrating Legacy Information Systems}},
 url = {http://ieeexplore.ieee.org/document/622311/},
 year = {1997}
}

@inproceedings{Binkley2007b,
 author = {Binkley, David},
 booktitle = {Future of Software Engineering (FOSE '07)},
 doi = {10.1109/FOSE.2007.27},
 isbn = {0769528295},
 pages = {104--119},
 publisher = {IEEE Computer Society},
 title = {{Source Code Analysis: A Road Map}},
 url = {http://dl.acm.org/citation.cfm?id=1253532.1254713},
 year = {2007}
}

@article{Bisbal1999LegacyInformationSystems,
 author = {Bisbal, Jes{\'{u}}s and Lawless, Deirdre and Wu, Bing and Grimson, Jane},
 doi = {10.1109/52.795108},
 issn = {0740-7459},
 journal = {IEEE Software},
 keywords = {Computer science,Legacy systems},
 pages = {103--111},
 title = {{Legacy Information Systems: Issues and Directions}},
 volume = {16},
 year = {1999}
}

@techreport{Bitkom2013Arbeit30,
 address = {Berlin},
 author = {Bitkom},
 booktitle = {Bitkom},
 institution = {BITKOM},
 pages = {1--36},
 title = {{Arbeit 3.0: Arbeiten in Der Digitalen Welt}},
 url = {http://www.bitkom.org/de/publikationen/38338{\_}77013.aspx},
 year = {2013}
}

@techreport{BitkomResearch2016DigitalBanking,
 address = {Berlin},
 author = {Pols, Axel and Hampe, Katja and Grimm, Franz and Meinecke, Christopher},
 institution = {Bitkom Research},
 title = {{Digital Banking}},
 url = {https://www.bitkom.org/NP-Marktdaten/Konsum-und-Nutzungsverhalten/E-M-Commerce/Studienbericht-Digital-Banking-2014-bis-2016-161104.pdf},
 year = {2016}
}

@incollection{Black2019Levensthein,
 booktitle = {Dictionary of Algorithms and Data Structures},
 editor = {Black, Paul E.},
 publisher = {CRC Press LLC},
 title = {{Algorithms and Theory of Computation Handbook - Levenshtein Distance}},
 url = {https://xlinux.nist.gov/dads/HTML/Levenshtein.html},
 year = {2019}
}

@inproceedings{Bodhuin2002DesktopWebMVC,
 author = {Bodhuin, Thierry and Guardabascio, Enrico and Tortorella, Maria},
 booktitle = {Ninth Working Conference on Reverse Engineering, 2002. Proceedings.},
 doi = {10.1109/WCRE.2002.1173090},
 isbn = {0769517994},
 issn = {1095-1350},
 keywords = {M{\&}S SW,Reverse engineering,candidate},
 pages = {329--338},
 publisher = {IEEE Comput. Soc},
 title = {{Migrating COBOL Systems to the Web by Using the MVC Design Pattern}},
 url = {http://ieeexplore.ieee.org/lpdocs/epic03/wrapper.htm?arnumber=1173090},
 year = {2002}
}

@inproceedings{Bodhuin2003,
 author = {Bodhuin, Thierry and Guardabascio, Enrico and Tortorella, Maria},
 booktitle = {10th Working Conference on Reverse Engineering, 2003. WCRE 2003. Proceedings.},
 doi = {10.1109/WCRE.2003.1287247},
 isbn = {0769520278},
 issn = {1095-1350},
 keywords = {Application software,Costs,Data models,Databases,Internet,Logic,M{\&}S SW,Object oriented modeling,Software systems,User interfaces,Wrapping,candidate},
 pages = {165--174},
 publisher = {IEEE},
 title = {{Migration of Non-Decomposable Software Systems to the Web Using Screen Proxies}},
 url = {http://ieeexplore.ieee.org/document/1287247/},
 year = {2003}
}

@inproceedings{Bodhuin2004,
 author = {Bodhuin, Thierry and Tortorella, Maria},
 booktitle = {Eleventh Annual International Workshop on Software Technology and Engineering Practice},
 doi = {10.1109/STEP.2003.37},
 isbn = {0769522181},
 keywords = {M{\&}S SW,candidate},
 pages = {186--195},
 publisher = {IEEE},
 title = {{Using Grid Technologies for Web-Enabling Legacy Systems}},
 url = {http://ieeexplore.ieee.org/lpdocs/epic03/wrapper.htm?arnumber=1372148 http://ieeexplore.ieee.org/document/1372148/},
 year = {2004}
}

@article{Boehm1988Spiral,
 author = {Boehm, Barry W.},
 doi = {10.1109/2.59},
 issn = {0018-9162},
 journal = {IEEE Computer},
 month = {5},
 number = {5},
 pages = {61--72},
 title = {{A Spiral Model of Software Development and Enhancement}},
 url = {http://ieeexplore.ieee.org/document/59/},
 volume = {21},
 year = {1988}
}

@inbook{Borchers1996ReengineeringFactory,
 address = {Wiesbaden},
 author = {Borchers, Jens},
 booktitle = {Softwarewartung und Reengineering: Erfahrungen und Entwicklungen},
 doi = {10.1007/978-3-663-08951-3_2},
 editor = {Lehner, Franz},
 isbn = {9783663089513},
 pages = {19--29},
 publisher = {Deutscher Universit{\"{a}}tsverlag},
 title = {{Reengineering-Factory --- Erfolgsmechanismen Gro{\ss}er Reengineering-Ma{\ss}nahmen}},
 url = {https://doi.org/10.1007/978-3-663-08951-3{\_}2},
 year = {1996}
}

@inbook{Borchers1998Longterm,
 address = {Wiesbaden},
 author = {Borchers, Jens and Hildebrand, Knut},
 booktitle = {Vorgehensmodelle f{\"{u}}r die betriebliche Anwendungsentwicklung},
 doi = {10.1007/978-3-663-05994-3_8},
 editor = {Kneuper, Ralf and M{\"{u}}ller-Luschnat, G{\"{u}}nther and Oberweis, Andreas},
 isbn = {9783663059943},
 pages = {152--167},
 publisher = {Vieweg+Teubner Verlag},
 title = {{Ein Vorgehensmodell F{\"{u}}r Das Software Reengineering}},
 url = {https://doi.org/10.1007/978-3-663-05994-3{\_}8 http://www.springerlink.com/index/10.1007/978-3-663-05994-3{\_}8},
 year = {1998}
}

@article{Bozzon2006WebMLforRIA,
 author = {Bozzon, Alessandro and Comai, Sara and Fraternali, Piero and Carughi, Giovanni Toffetti},
 doi = {10.1145/1145581.1145649},
 isbn = {1595933522},
 issn = {1041-1135},
 journal = {Web Engineering: Proceedings of the 6th International Conference on Web Engineering (ICWE2006)},
 keywords = {rich internet applications,web engineering},
 pages = {353},
 title = {{Conceptual Modeling and Code Generation for Rich Internet Applications}},
 url = {http://portal.acm.org/citation.cfm?doid=1145581.1145649},
 year = {2006}
}

@article{Brabham2008,
 author = {Brabham, Daren C.},
 doi = {10.1177/1354856507084420},
 issn = {1354-8565},
 journal = {Convergence: The International Journal of Research into New Media Technologies},
 keywords = {about human ingenuity,challenge,collective intelligence,crowdsourcing,designer,distributed problem solving,goldcorp,innocentive,is going on,istockphoto,its unfolding is to,of client,open source,reject the binary notion,right now,story to be told,the first step to,the next step is,there is an incredible,threadless,to look to what,wisdom of crowds},
 month = {2},
 number = {1},
 pages = {75--90},
 title = {{Crowdsourcing as a Model for Problem Solving}},
 url = {http://con.sagepub.com/cgi/doi/10.1177/1354856507084420 http://journals.sagepub.com/doi/10.1177/1354856507084420},
 volume = {14},
 year = {2008}
}

@book{Brabham2013,
 author = {Brabham, Daren C.},
 isbn = {9780262518475},
 keywords = {crowdsourcing},
 publisher = {The MIT Press},
 title = {{Crowdsourcing}},
 year = {2013}
}

@book{Bressler2000OnlineCommunities,
 author = {Bressler, Stacey E. and Grantham, Charles},
 edition = {1st editio},
 isbn = {9780071361156},
 publisher = {McGraw-Hill},
 title = {{Communities of Commerce: Building Internet Business Communities to Accelerate Growth, Minimize Risk, and Increase Customer Loyalty}},
 year = {2000}
}

@book{Brodie1995Migrating,
 author = {Brodie, M. L. and Stonebraker, M.},
 edition = {1},
 isbn = {9781558603301},
 publisher = {Morgan Kaufmann Publishers Inc},
 title = {{Migrating Legacy Systems: Gateways, Interfaces {\&} the Incremental Approach.}},
 year = {1995}
}

@article{Bruneliere2014MoDisco,
 author = {Bruneli{\`{e}}re, Hugo and Cabot, Jordi and Dup{\'{e}}, Gr{\'{e}}goire and Madiot, Fr{\'{e}}d{\'{e}}ric},
 doi = {10.1016/j.infsof.2014.04.007},
 issn = {0950-5849},
 journal = {Information and Software Technology},
 keywords = {ARTIST,candidate},
 month = {8},
 number = {8},
 pages = {1012--1032},
 title = {{MoDisco: A Model Driven Reverse Engineering Framework}},
 url = {http://www.sciencedirect.com/science/article/pii/S0950584914000883{\%}3E. {\%}3C10.1016/j.infsof.2014.04.007 https://linkinghub.elsevier.com/retrieve/pii/S0950584914000883},
 volume = {56},
 year = {2014}
}

@article{Bruneliere2015,
 author = {Bruneli{\`{e}}re, Hugo and Cabot, Jordi and Izquierdo, Javier Luis Canovas and Orue-Echevarria, Leire and Strauss, Oliver and Wimmer, Manuel},
 doi = {10.1109/MC.2015.234},
 issn = {0018-9162},
 journal = {Computer},
 keywords = {ARTIST,candidate},
 month = {8},
 number = {8},
 pages = {76--80},
 publisher = {IEEE},
 title = {{Software Modernization Revisited: Challenges and Prospects}},
 url = {http://ieeexplore.ieee.org/document/7185283/},
 volume = {48},
 year = {2015}
}

@inproceedings{Cagnin2003,
 author = {Cagnin, M.I. and Maldonado, J.C. and Penteado, R.D.},
 booktitle = {Proceedings of the Agile Development Conference, 2003. ADC 2003},
 doi = {10.1109/ADC.2003.1231449},
 isbn = {0769520138},
 keywords = {Agile Process,Forward Engineering,Framework,Pattern Language,Reengineering,Reverse Engineering},
 number = {January},
 pages = {22--31},
 publisher = {IEEE},
 title = {{PARFAIT: Towards a Framework-Based Agile Reengineering Process}},
 url = {http://ieeexplore.ieee.org/document/1231449/},
 year = {2003}
}

@techreport{Cai2003VIPS,
 author = {Cai, Deng and Yu, Shipeng and Wen, Ji-rong and Ma, Wei-ying},
 institution = {Microsoft Research},
 keywords = {VIPS},
 pages = {1--32},
 title = {{VIPS : A VIsion Based Page Segmentation Algorithm}},
 url = {https://www.microsoft.com/en-us/research/publication/vips-a-vision-based-page-segmentation-algorithm/},
 year = {2003}
}

@incollection{Cajas2019,
 author = {Cajas, Viviana and Urbieta, Mat{\'{i}}as and Rybarczyk, Yves and Rossi, Gustavo and Guevara, C{\'{e}}sar},
 booktitle = {New Knowledge in Information Systems and Technologies},
 doi = {10.1007/978-3-030-16181-1_86},
 keywords = {legacy adaptation,markov chains,millennials,mobile devices},
 pages = {916--927},
 title = {{An Approach for Migrating Legacy Applications to Mobile Interfaces}},
 url = {http://link.springer.com/10.1007/978-3-030-16181-1{\_}86},
 volume = {3},
 year = {2019}
}

@article{Canfora2000Decomposing,
 author = {Canfora, Gerardo and Cimitile, Aniello and Lucia, Andrea De and {Di Lucca}, Giuseppe Antonio},
 doi = {10.1016/S0164-1212(00)00030-3},
 isbn = {0818685603},
 issn = {0164-1212},
 journal = {Journal of Systems and Software},
 month = {10},
 number = {2},
 pages = {99--110},
 title = {{Decomposing Legacy Programs: A First Step Towards Migrating to Client–server Platforms}},
 url = {http://linkinghub.elsevier.com/retrieve/pii/S0164121200000303},
 volume = {54},
 year = {2000}
}

@inproceedings{Canfora2007ReverseEngineering,
 author = {Canfora, Gerardo and Penta, Massimiliano Di},
 booktitle = {Future of Software Engineering (FOSE '07)},
 doi = {10.1109/FOSE.2007.15},
 isbn = {0769528295},
 month = {5},
 number = {6},
 pages = {326--341},
 publisher = {IEEE},
 title = {{New Frontiers of Reverse Engineering}},
 url = {http://ieeexplore.ieee.org/document/4221630/},
 volume = {11},
 year = {2007}
}

@techreport{Capgemini2012,
 author = {Capgemini},
 pages = {1--24},
 title = {{Business Cloud: The State of Play Shifts Rapidly}},
 url = {http://www.de.capgemini.com/insights/publikationen/business-cloud-the-state-of-play-shifts-rapidly/},
 year = {2012}
}

@incollection{Carughi2009,
 address = {Berlin, Heidelberg},
 author = {Carughi, Giovanni Toffetti and Comai, Sara and Bozzon, Alessandro and Fraternali, Piero},
 booktitle = {Web Information Systems Engineering – WISE 2007},
 doi = {10.1007/978-3-540-76993-4_51},
 isbn = {9783540769927},
 issn = {0289-7024},
 number = {3},
 pages = {593--602},
 publisher = {Springer Berlin Heidelberg},
 title = {{Modeling Distributed Events in Data-Intensive Rich Internet Applications}},
 url = {http://link.springer.com/10.1007/978-3-540-76993-4{\_}51},
 volume = {26},
 year = {2009}
}

@techreport{CAST2011,
 author = {Sappidi, Jay and Curtis, Bill and Szynkarski, Alexandra},
 institution = {CAST Research Labs},
 title = {{The CRASH Report - 2011/12 Summary of Key Findings}},
 volume = {12},
 year = {2011}
}

@techreport{CAST2017,
 author = {Curtis, Bill and Muller, Michael and Adiga, Nagaraja S. and Lesokhin, Lev},
 institution = {CAST},
 title = {{CAST Research on Application Software Health Report - 2017 Global Sample}},
 year = {2017}
}

@article{Ceccato2014,
 author = {Ceccato, Mariano and Di, Massimiliano and Falcarin, Paolo and Ricca, Filippo and Torchiano, Marco and Tonella, Paolo},
 doi = {10.1007/s10664-013-9248-x},
 journal = {Empirical Software Engineering},
 keywords = {Empirical studies,Program comprehension,Software obfuscation,code obfuscation},
 number = {4},
 pages = {1040--1074},
 title = {{A Family of Experiments to Assess the Effectiveness and Efficiency of Source Code Obfuscation Techniques}},
 volume = {19},
 year = {2014}
}

@online{Chan2018SaaSStatistics,
 author = {Chan, Viva},
 keywords = {online,statistics},
 title = {{60 SAAS Statistics That Will Change the Way You Think}},
 url = {https://financesonline.com/saas-statistics/},
 urldate = {2018-06-10},
 year = {2018}
}

@article{Chechik2009,
 author = {Chechik, Gal and Shalit, Uri},
 journal = {Advances in Neural Information Processing Systems},
 pages = {1--9},
 title = {{An Online Algorithm for Large Scale Image Similarity Learning}},
 url = {http://citeseerx.ist.psu.edu/viewdoc/download?doi=10.1.1.157.8937{\&}rep=rep1{\&}type=pdf},
 volume = {21},
 year = {2009}
}

@article{Chechik2010,
 author = {Chechik, Gal},
 issn = {1532-4435},
 pages = {1109--1135},
 title = {{[JMLR2010]Large Scale Online Learning of Image Similarity Through Ranking.pdf}},
 volume = {11},
 year = {2010}
}

@article{Chechik2010OASIS,
 author = {Chechik, Gal and Sharma, Varun and Shalit, Uri and Bengio, Samy},
 issn = {1532-4435},
 journal = {The Journal of Machine Learning Research},
 keywords = {OASIS},
 month = {3},
 number = {3/1/2010},
 pages = {1109--1135},
 publisher = {JMLR.org},
 title = {{Large Scale Online Learning of Image Similarity Through Ranking}},
 url = {http://dl.acm.org/citation.cfm?id=1756006.1756042},
 volume = {11},
 year = {2010}
}

@article{Chechik:2010:LSO:1756006.1756042,
 author = {Chechik, Gal and Sharma, Varun and Shalit, Uri and Bengio, Samy},
 issn = {1532-4435},
 journal = {J. Mach. Learn. Res.},
 month = {3},
 pages = {1109--1135},
 publisher = {JMLR.org},
 title = {{Large Scale Online Learning of Image Similarity Through Ranking}},
 url = {http://dl.acm.org/citation.cfm?id=1756006.1756042},
 volume = {11},
 year = {2010}
}

@article{Chen2010FeatureLocation,
 author = {Chen, Kunrong and Rajlich, V{\'{a}}clav},
 doi = {10.1109/ICPC.2010.40},
 isbn = {9780769541136},
 issn = {1092-8138},
 journal = {IEEE International Conference on Program Comprehension},
 keywords = {Concept location,Dependency analysis,Program comprehension,Software evolution},
 pages = {1--3},
 title = {{Case Study of Feature Location Using Dependence Graph, After 10 Years}},
 year = {2010}
}

@article{Chen2016,
 author = {Chen, Borting and Hsu, Ho-Pang and Huang, Yu-Lun},
 doi = {10.1109/MITP.2016.15},
 issn = {1520-9202},
 journal = {IT Professional},
 keywords = {DAS,Internet technologies,Web services publishing,Web technologies,Web-based remote access,candidate},
 month = {1},
 number = {1},
 pages = {34--40},
 title = {{Bringing Desktop Applications to the Web}},
 url = {http://ieeexplore.ieee.org/document/7389272/},
 volume = {18},
 year = {2016}
}

@article{Chikofsky1990ReverseEngineering,
 author = {Chikofsky, Elliot J. and Cross, James H.},
 doi = {10.1109/52.43044},
 issn = {0740-7459},
 journal = {IEEE Software},
 number = {1},
 pages = {13--17},
 pmid = {21470229},
 title = {{Reverse Engineering and Design Recovery: A Taxonomy}},
 volume = {7},
 year = {1990}
}

@inproceedings{Choudhary2013XPERT,
 author = {Choudhary, Shauvik Roy and Prasad, Mukul R. and Orso, Alessandro},
 booktitle = {2013 35th International Conference on Software Engineering (ICSE)},
 doi = {10.1109/ICSE.2013.6606616},
 isbn = {9781467330763},
 issn = {0270-5257},
 month = {5},
 pages = {702--711},
 publisher = {IEEE},
 title = {{X-Pert: Accurate Identification of Cross-Browser Issues in Web Applications}},
 url = {http://ieeexplore.ieee.org/document/6606616/},
 year = {2013}
}

@article{Chudnovskyy2010DGS,
 author = {Chudnovskyy, Olexiy and Gaedke, Martin},
 isbn = {9781612081052},
 journal = {The Second International Conferences on Advanced Service Computing (Service Computation 2010)},
 keywords = {REST,linked data,web 2.0},
 number = {c},
 pages = {55--61},
 title = {{Development of Web 2.0 Applications Using WebComposition/Data Grid Service}},
 year = {2010}
}

@misc{CMUSoftwareEngineeringInstitute,
 author = {{CMU Software Engineering Institute}},
 keywords = {SMART,candidate},
 title = {{SMART-ESP Workshop}}
}

@misc{CMUSoftwareEngineeringInstitute2013,
 author = {{CMU Software Engineering Institute}},
 keywords = {SMART,candidate},
 title = {{SMART-ENV Workshop}},
 year = {2013}
}

@misc{CMUSoftwareEngineeringInstitute2013a,
 author = {{CMU Software Engineering Institute}},
 keywords = {SMART,candidate},
 pages = {1--11},
 title = {{SMART-MP Workshop}},
 year = {2013}
}

@misc{CMUSoftwareEngineeringInstitute2013b,
 author = {{CMU Software Engineering Institute}},
 keywords = {SMART,candidate},
 title = {{SMART-AF Workshop}},
 year = {2013}
}

@article{Coleman1994MaintainabilityIndex,
 author = {Coleman, Don and Ash, Dan and Lowther, Bruce and Oman, Paul},
 doi = {10.1109/2.303623},
 issn = {0018-9162},
 journal = {Computer},
 month = {8},
 number = {8},
 pages = {44--49},
 title = {{Using Metrics to Evaluate Software System Maintainability}},
 url = {http://ieeexplore.ieee.org/document/303623/},
 volume = {27},
 year = {1994}
}

@inproceedings{Colosimo2007ControlledExperiments,
 author = {Colosimo, Massimo and Lucia, Andrea De and Francese, Rita and Scanniello, Giuseppe},
 booktitle = {2007 IEEE International Conference on Software Maintenance},
 doi = {10.1109/ICSM.2007.4362649},
 isbn = {9781424412556},
 issn = {1063-6773},
 keywords = {MELIS,candidate},
 month = {10},
 pages = {365--374},
 publisher = {IEEE},
 title = {{Assessing Legacy System Migration Technologies Through Controlled Experiments}},
 url = {http://ieeexplore.ieee.org/lpdocs/epic03/wrapper.htm?arnumber=4362649},
 year = {2007}
}

@article{Commission2004PCM,
 author = {{European Commission}},
 journal = {Aid Delivery Methods},
 keywords = {management},
 pages = {149},
 title = {{Project Cycle Management Guidelines}},
 url = {https://ec.europa.eu/europeaid/sites/devco/files/methodology-aid-delivery-methods-project-cycle-management-200403{\_}en{\_}2.pdf{\%}0Ahttp://ec.europa.eu/europeaid/multimedia/publications/publications/manuals-tools/t101{\_}en.htm},
 volume = {1},
 year = {2004}
}

@book{Creswell2014ResearchDesign,
 address = {Los Angeles},
 author = {Creswell, John W},
 edition = {4. ed., in},
 isbn = {9781452226101},
 publisher = {SAGE},
 shorttitle = {Research design : Qualitative, quantitative, and m},
 title = {{Research Design : Qualitative, Quantitative, and Mixed Methods Approaches}},
 url = {https://katalog.bibliothek.tu-chemnitz.de/Record/0008891954},
 year = {2014}
}

@online{Cunningham1992TD,
 author = {Cunningham, Ward},
 booktitle = {OOPSLA '92 Experience Report},
 keywords = {online},
 title = {{The WyCash Portfolio Management System}},
 url = {http://c2.com/doc/oopsla92.html},
 urldate = {2018-08-10},
 year = {1992}
}

@article{Curtis2012EstimatingTD,
 author = {Curtis, Bill and Sappidi, Jay and Szynkarski, Alexandra},
 doi = {10.1109/MS.2012.156},
 issn = {0740-7459},
 journal = {IEEE Software},
 keywords = {software metrics,software structural quality,static analysis,technical debt},
 number = {6},
 pages = {34--42},
 title = {{Estimating the Principal of an Application's Technical Debt}},
 volume = {29},
 year = {2012}
}

@article{Daniel2018CrowdsourcingQuality,
 archiveprefix = {arXiv},
 arxivid = {1801.02546},
 author = {Daniel, Florian and Kucherbaev, Pavel and Cappiello, Cinzia and Benatallah, Boualem and Allahbakhsh, Mohammad},
 doi = {10.1145/3148148},
 eprint = {1801.02546},
 issn = {0360-0300},
 journal = {ACM Computing Surveys},
 month = {1},
 number = {1},
 pages = {1--40},
 publisher = {ACM},
 title = {{Quality Control in Crowdsourcing}},
 url = {http://arxiv.org/abs/1801.02546{\%}0Ahttp://dx.doi.org/10.1145/3148148 http://dl.acm.org/citation.cfm?doid=3177787.3148148},
 volume = {51},
 year = {2018}
}

@article{Deerwester1990LSI,
 author = {Deerwester, Scott and Dumais, Susan T. and Furnas, George W. and Landauer, Thomas K. and Harshman, Richard},
 doi = {10.1002/(SICI)1097-4571(199009)41:6<391::AID-ASI1>3.0.CO;2-9},
 journal = {Journal of the American Society for Information Science},
 keywords = {LSI},
 month = {9},
 number = {6},
 pages = {391--407},
 title = {{Indexing by Latent Semantic Analysis}},
 url = {http://doi.wiley.com/10.1002/{\%}28SICI{\%}291097-4571{\%}28199009{\%}2941{\%}3A6{\%}3C391{\%}3A{\%}3AAID-ASI1{\%}3E3.0.CO{\%}3B2-9},
 volume = {41},
 year = {1990}
}

@inproceedings{Deng2009,
 author = {Deng, Jia Deng Jia and Dong, Wei Dong Wei and Socher, R. and Li, Li-Jia Li Li-Jia and Li, Kai Li Kai and Fei-Fei, Li Fei-Fei Li},
 booktitle = {2009 IEEE Conference on Computer Vision and Pattern Recognition},
 doi = {10.1109/CVPR.2009.5206848},
 isbn = {9781424439928},
 issn = {1063-6919},
 pages = {2--9},
 pmid = {21914436},
 title = {{ImageNet: A Large-Scale Hierarchical Image Database}},
 year = {2009}
}

@article{Deshpande2002WebEngineering,
 author = {Deshpande, Yogesh and Murugesan, San and Ginige, Athula and Hansen, Steve and Schwabe, Daniel and Gaedke, Martin and White, Bebo},
 issn = {1540-9589},
 journal = {Journal of Web Engineering},
 keywords = {Web Engineering,Web application development,Web-based Information Systems,development methodologies,taxonomy of Web applications},
 number = {1},
 pages = {3--17},
 publisher = {Rinton Press},
 title = {{Web Engineering}},
 volume = {1},
 year = {2002}
}

@inproceedings{Diaz2019OpenAnnotationInSLRs,
 address = {New York, New York, USA},
 author = {D{\'{i}}az, Oscar and Medina, Haritz and Anfurrutia, Felipe I},
 booktitle = {Proceedings of the Evaluation and Assessment on Software Engineering - EASE '19},
 doi = {10.1145/3319008.3319025},
 isbn = {9781450371452},
 keywords = {2019,acm reference format,and felipe i,anfurrutia,coding-data,data portability,haritz medina,oscar d{\'{i}}az,secondary studies,web annotation},
 pages = {178--187},
 publisher = {ACM Press},
 title = {{Coding-Data Portability in Systematic Literature Reviews}},
 url = {http://dl.acm.org/citation.cfm?doid=3319008.3319025},
 year = {2019}
}

@inproceedings{Distante2002,
 author = {Distante, Damiano and Perrone, V. and Bochicchio, M.A.},
 booktitle = {Proceedings. Fourth International Workshop on Web Site Evolution},
 doi = {10.1109/WSE.2002.1134095},
 isbn = {0769518044},
 keywords = {UWA/UWAT+,Web sites,candidate,reverse engineering},
 pages = {85--88},
 publisher = {IEEE Comput. Soc},
 title = {{Migrating to the Web Legacy Application: The Sinfor Project}},
 url = {http://ieeexplore.ieee.org/lpdocs/epic03/wrapper.htm?arnumber=1134095},
 year = {2002}
}

@inproceedings{Distante2004,
 author = {Distante, Damiano and Parveen, T. and Tilley, Scott R.},
 booktitle = {Proceedings. 12th IEEE International Workshop on Program Comprehension, 2004.},
 doi = {10.1109/WPC.2004.1311056},
 isbn = {0769521495},
 issn = {1092-8138},
 keywords = {2004,UWA/UWAT+,candidate,reverse-engineering,user,web},
 pages = {142--150},
 publisher = {IEEE},
 title = {{Towards a Technique for Reverse Engineering Web Transactions From a User's Perspective}},
 url = {http://dx.doi.org/10.1109/wpc.2004.1311056 http://ieeexplore.ieee.org/document/1311056/},
 year = {2004}
}

@article{Distante2005,
 author = {Distante, Damiano and Tilley, Scott R.},
 doi = {10.1109/MMMC.2005.28},
 isbn = {0769521649},
 issn = {1550-5502},
 journal = {Proceedings of the 11th International Multimedia Modelling Conference, MMM 2005},
 keywords = {UWA/UWAT+,candidate},
 pages = {439--445},
 title = {{Conceptual Modeling of Web Application Transactions: Towards a Revised and Extended Version of the UWA Transaction Design Model}},
 year = {2005}
}

@inproceedings{Distante2006a,
 author = {Distante, Damiano and Tilley, Scott R. and Canfora, Gerardo},
 booktitle = {Conference on Software Maintenance and Reengineering (CSMR'06)},
 doi = {10.1109/CSMR.2006.55},
 isbn = {0769525369},
 keywords = {UWA/UWAT+,all or part of,candidate,case study,experience,legacy systems,migration,or hard copies of,permission to make digital,redesign,reengineering,this work for,uwa,uwat,web},
 pages = {5 pp.--299},
 publisher = {IEEE},
 title = {{Towards a Holistic Approach to Redesigning Legacy Applications for the Web With UWAT+}},
 url = {http://dl.acm.org/citation.cfm?id=1134353 http://ieeexplore.ieee.org/document/1602381/},
 year = {2006}
}

@inproceedings{Distante2006CaseStudy,
 address = {New York, New York, USA},
 author = {Distante, Damiano and Canfora, Gerardo and Tilley, Scott R. and Huang, Shihong},
 booktitle = {Proceeding of the 28th international conference on Software engineering - ICSE '06},
 doi = {10.1145/1134285.1134353},
 isbn = {1595933751},
 keywords = {Case Study,Legacy systems,UWA,UWA/UWAT+,UWAT+,candidate,experience,migration,redesign,reengineering,web},
 pages = {482--491},
 publisher = {ACM Press},
 title = {{Redesigning Legacy Applications for the Web With UWAT+: A Case Study}},
 url = {http://doi.acm.org/10.1145/1134285.1134353 http://portal.acm.org/citation.cfm?doid=1134285.1134353},
 year = {2006}
}

@article{Domingos2012,
 author = {Domingos, Pedro},
 doi = {10.1145/2347736.2347755},
 issn = {0001-0782},
 journal = {Communications of the ACM},
 month = {10},
 number = {10},
 pages = {78},
 title = {{A Few Useful Things to Know About Machine Learning}},
 url = {http://dl.acm.org/citation.cfm?doid=2347736.2347755},
 volume = {55},
 year = {2012}
}

@article{Donati2019,
 author = {Donati, Michela and Mori, Giulio and Patern{\`{o}}, Fabio},
 doi = {10.1007/s10209-019-00649-y},
 issn = {1615-5289},
 journal = {Universal Access in the Information Society},
 month = {3},
 title = {{Understanding the Transitions Between Web Interfaces Designed to Stimulate Specific Emotions}},
 url = {https://doi.org/10.1007/s10209-019-00649-y http://link.springer.com/10.1007/s10209-019-00649-y},
 year = {2019}
}

@techreport{DSDMConsortium2014,
 author = {{DSDM Consortium}},
 title = {{DSDM Handbooks}},
 url = {https://www.agilebusiness.org/resources/dsdm-handbooks},
 year = {2014}
}

@article{Eaddy2008aConcernTagger,
 author = {Eaddy, Marc and Zimmermann, Thomas and Sherwood, Kaitlin D. and Garg, Vibhav and Murphy, Gail C. and Nagappan, Nachiappan and Aho, Alfred V.},
 doi = {10.1109/TSE.2008.36},
 issn = {0098-5589},
 journal = {IEEE Transactions on Software Engineering},
 keywords = {Crosscutting concerns,Empirical software engineering,Fault proneness,Feature location,Metrics,Mining software repositories,Open source software,Requirements traceability,Statistical analysis},
 number = {4},
 pages = {497--515},
 title = {{Do Crosscutting Concerns Cause Defects?}},
 volume = {34},
 year = {2008}
}

@article{El-Ramly2002,
 author = {El-Ramly, Mohammad and Stroulia, Eleni and Sorenson, Paul},
 doi = {10.1109/WPC.2002.1021305},
 isbn = {0769514952},
 issn = {1092-8138},
 journal = {Proceedings - IEEE Workshop on Program Comprehension},
 keywords = {Application software,CelLEST,Computer aided software engineering,Data mining,Graphical user interfaces,Object oriented modeling,Pattern matching,Programming,Runtime,Software maintenance,User interfaces,candidate},
 pages = {21--29},
 publisher = {IEEE},
 title = {{Mining System-User Interaction Traces for Use Case Models}},
 volume = {2002-Janua},
 year = {2002}
}

@article{El-Ramly2004,
 author = {El-Ramly, Mohammad and Stroulia, Eleni},
 doi = {10.1002/smr.286},
 issn = {1532-060X},
 journal = {Journal of Software Maintenance and Evolution: Research and Practice},
 keywords = {1,2,3,5 online information services,8 data mining,CelLEST,candidate,contains an enormous amount,form of a rather,h,introduction and motivation,of information in the,the world wide web,unstructured,web-based services},
 number = {12},
 pages = {129--150},
 title = {{Analysis of Web-Usage Behavior for Focused Web Sites: A Case Study}},
 url = {http://doi.wiley.com/10.1002/smr.286},
 volume = {16},
 year = {2004}
}

@incollection{Fahmideh2018CloudSurvey,
 author = {Fahmideh, Mahdi and Daneshgar, Farhad and Rabhi, Fethi},
 booktitle = {Advances in Service-Oriented and Cloud Computing},
 doi = {10.1007/978-3-319-72125-5_9},
 number = {February},
 pages = {112--122},
 title = {{Cloud Migration Methodologies: Preliminary Findings}},
 url = {http://link.springer.com/10.1007/978-3-319-72125-5 http://link.springer.com/10.1007/978-3-319-72125-5{\_}9},
 volume = {707},
 year = {2018}
}

@article{Felzenszwalb2010FHOG,
 author = {Felzenszwalb, P. F. and Girshick, Ross B. and McAllester, D. and Ramanan, D.},
 doi = {10.1109/TPAMI.2009.167},
 issn = {0162-8828},
 journal = {IEEE Transactions on Pattern Analysis and Machine Intelligence},
 keywords = {image detection,machine intelligence,object visualization,patterns},
 month = {9},
 number = {9},
 pages = {1627--1645},
 pmid = {20634557},
 title = {{Object Detection With Discriminatively Trained Part-Based Models}},
 url = {https://cs.brown.edu/{~}pff/papers/lsvm-pami.pdf http://ieeexplore.ieee.org/document/5255236/},
 volume = {32},
 year = {2010}
}

@inproceedings{Fielding2017REST,
 address = {New York, New York, USA},
 author = {Fielding, Roy T. and Taylor, Richard N. and Erenkrantz, Justin R. and Gorlick, Michael M. and Whitehead, Jim and Khare, Rohit and Oreizy, Peyman},
 booktitle = {Proceedings of the 2017 11th Joint Meeting on Foundations of Software Engineering - ESEC/FSE 2017},
 doi = {10.1145/3106237.3121282},
 isbn = {9781450351058},
 pages = {4--14},
 publisher = {ACM Press},
 title = {{Reflections on the REST Architectural Style and "Principled Design of the Modern Web Architecture" (Impact Paper Award)}},
 url = {http://dl.acm.org/citation.cfm?doid=3106237.3121282},
 volume = {Part F1301},
 year = {2017}
}

@techreport{ForresterResearch2011Modernization,
 author = {{Forrester Research}},
 booktitle = {Forrester Consulting},
 title = {{Application Modernization : Procrastinate at Your Peril !}},
 url = {http://www.enterprisecioforum.com/en/whitepaper/application-modernization-procrastinate},
 year = {2011}
}

@article{Fowler2001,
 author = {Fowler, Martin and Highsmith, Jim},
 institution = {The Agile Alliance},
 journal = {Software Development Magazine},
 title = {{The Agile Manifesto}},
 url = {http://agilemanifesto.org/},
 volume = {9(8)},
 year = {2001}
}

@incollection{Fowley2017CloudSME,
 author = {Fowley, Frank and Elango, Divyaa Manimaran and Magar, Hany and Pahl, Claus},
 booktitle = {SOFSEM 2017: Theory and Practice of Computer Science},
 doi = {10.1007/978-3-319-51963-0_39},
 isbn = {9783319519630},
 keywords = {IC4,architecture evolution,candidate,cloud migration,cloud native,cost models,isv,sme,software modernisation},
 month = {10},
 pages = {498--509},
 publisher = {IEEE},
 title = {{Software System Migration to Cloud-Native Architectures for SME-Sized Software Vendors}},
 url = {https://link.springer.com/chapter/10.1007/978-3-319-51963-0{\_}39 http://link.springer.com/10.1007/978-3-319-51963-0{\_}39},
 year = {2017}
}

@incollection{Fowley2018Experimentation,
 author = {Fowley, Frank and Elango, Divyaa Manimaran and Magar, Hany and Pahl, Claus},
 booktitle = {Cloud Computing and Service Science. CLOSER 2017. Communications in Computer and Information Science},
 doi = {10.1007/978-3-319-94959-8_9},
 editor = {{Ferguson D.}, Mu{\~{n}}oz V. and J., Cardoso and M., Helfert and C., Pahl},
 isbn = {9783319949581},
 issn = {1555-7162},
 keywords = {IC4,candidate},
 number = {July},
 pages = {157--176},
 publisher = {Springer, Cham},
 title = {{The Benefits of Using Experimental Exploration for Cloud Migration Analysis and Planning}},
 url = {http://link.springer.com/10.1007/978-3-319-94959-8{\_}9},
 volume = {864},
 year = {2018}
}

@incollection{Fowley2018Licensing,
 author = {Fowley, Frank and Pahl, Claus},
 booktitle = {Advances in Service-Oriented and Cloud Computing},
 doi = {10.1007/978-3-319-72125-5_7},
 keywords = {IC4,candidate},
 number = {February},
 pages = {91--103},
 publisher = {Springer International Publishing},
 title = {{Cloud Migration Architecture and Pricing – Mapping a Licensing Business Model for Software Vendors to a SaaS Business Model}},
 url = {https://www.springerprofessional.de/cloud-migration-architecture-and-pricing-mapping-a-licensing-bus/15424038},
 volume = {707},
 year = {2018}
}

@inproceedings{Frey2010CloudMIG,
 author = {Frey, S{\"{o}}ren and Hasselbring, Wilhelm},
 booktitle = {Proceedings of the First International Conference on Cloud Computing, GRIDs and Virtualization},
 isbn = {9781612082165},
 keywords = {-virtualization,CloudMIG,candidate,center,data,load balancing,virtual machine migration},
 pages = {155--158},
 title = {{Model-Based Migration of Legacy Software Systems to Scalable and Resource-Efficient Cloud-Based Applications: The CloudMIG Approach}},
 url = {http://www.thinkmind.org/index.php?view=article{\&}articleid=cloud{\_}computing{\_}2010{\_}6{\_}40{\_}50065},
 year = {2010}
}

@article{Frey2011CloudMIG,
 author = {Frey, S{\"{o}}ren and Hasselbring, Wilhelm},
 doi = {10.1.1.675.5454},
 issn = {1942-2628},
 journal = {International Journal on Advances in Software},
 keywords = {-approach cloudmig,CloudMIG,SLA,based software migration to,candidate,cloud computing,cloud-based applications,csa hierarchy,efficient cloud-based applications,eucalyptus,model-,resource-},
 number = {3},
 pages = {342--353},
 title = {{The CloudMIG Approach: Model-Based Migration of Software Systems to Cloud-Optimized Applications}},
 url = {http://www.iariajournals.org/software/www.iaria.org{\%}0Ahttp://eprints.uni-kiel.de/14431/1/soft{\_}v4{\_}n34{\_}2011{\_}8.pdf},
 volume = {4},
 year = {2011}
}

@inproceedings{Frey2011CloudMIGContraints,
 author = {Frey, S{\"{o}}ren and Hasselbring, Wilhelm},
 booktitle = {2011 15th European Conference on Software Maintenance and Reengineering},
 doi = {10.1109/CSMR.2011.33},
 isbn = {9781612842592},
 issn = {1534-5351},
 keywords = {Cloud computing,Cloud environment constraints,CloudMIG,Constraint validation,KDM,Migration to the cloud,candidate},
 month = {3},
 pages = {269--278},
 publisher = {IEEE},
 title = {{An Extensible Architecture for Detecting Violations of a Cloud Environment's Constraints During Legacy Software System Migration}},
 url = {http://ieeexplore.ieee.org/document/5741334/},
 year = {2011}
}

@article{Frey2012CloudMIGConformance,
 archiveprefix = {arXiv},
 arxivid = {1408.1293},
 author = {Frey, S{\"{o}}ren and Hasselbring, Wilhelm and Schnoor, Benjamin},
 doi = {10.1002/smr.582},
 eprint = {1408.1293},
 isbn = {9781450330565},
 issn = {2047-7473},
 journal = {Journal of Software: Evolution and Process},
 keywords = {CloudMIG,Conceptual schema,Design pattern detection,Object-relational mapping,Reverse engineering,candidate},
 month = {10},
 number = {10},
 pages = {1089--1115},
 pmid = {67195556},
 title = {{Automatic Conformance Checking for Migrating Software Systems to Cloud Infrastructures and Platforms}},
 url = {http://doi.wiley.com/10.1002/smr.582},
 volume = {25},
 year = {2012}
}

@article{Fuentes-Fernandez2012XIRUP,
 author = {Fuentes-Fern{\'{a}}ndez, Rub{\'{e}}n and Pav{\'{o}}n, Juan and Garijo, Francisco},
 doi = {10.1016/j.scico.2011.04.003},
 issn = {0167-6423},
 journal = {Science of Computer Programming},
 keywords = {Agile process,Component,Model-driven engineering,Modernization of software systems,Software engineering,Software methodology},
 month = {3},
 number = {3},
 pages = {247--269},
 publisher = {Elsevier B.V.},
 title = {{A Model-Driven Process for the Modernization of Component-Based Systems}},
 url = {http://dx.doi.org/10.1016/j.scico.2011.04.003 http://linkinghub.elsevier.com/retrieve/pii/S0167642311001110},
 volume = {77},
 year = {2012}
}

@incollection{Fuhr,
 author = {Fuhr, Andreas and Winter, Andreas and Erdmenger, Uwe and Horn, Tassilo and Kaiser, Uwe and Riediger, Volker and Teppe, Werner},
 booktitle = {Migrating Legacy Applications},
 doi = {10.4018/978-1-4666-2488-7.ch007},
 isbn = {9783658052690},
 keywords = {SOAMIG,candidate},
 pages = {153--184},
 publisher = {IGI Global},
 title = {{Model-Driven Software Migration}},
 url = {http://services.igi-global.com/resolvedoi/resolve.aspx?doi=10.4018/978-1-4666-2488-7.ch007}
}

@article{Fuhr2010,
 author = {Fuhr, Andreas and Horn, Tassilo and Winter, Andreas},
 journal = {{\ldots} Workshop Software- {\ldots}},
 keywords = {SOAMIG,candidate},
 pages = {4--5},
 title = {{Extending SOMA for Model-Driven Software Migration Into SOA}},
 url = {http://userpages.uni-koblenz.de/{~}horn/mypapers/wsr09.pdf},
 year = {2010}
}

@article{Fuhr2013SOAMIG,
 author = {Fuhr, Andreas and Horn, Tassilo and Riediger, Volker and Winter, Andreas},
 doi = {10.1007/s00450-011-0183-z},
 issn = {1865-2034},
 journal = {Computer Science - Research and Development},
 keywords = {Model-driven software development,Reengineering,SOAMIG,Service-oriented architecture,Software migration,candidate},
 month = {2},
 number = {1},
 pages = {65--84},
 title = {{Model-Driven Software Migration Into Service-Oriented Architectures}},
 url = {http://link.springer.com/10.1007/s00450-011-0183-z},
 volume = {28},
 year = {2013}
}

@phdthesis{Gaedke2000Diss,
 author = {Gaedke, Martin},
 isbn = {3826580591},
 pages = {225},
 school = {Universit{\"{a}}t Karlsruhe},
 title = {{Komponententechnik F{\"{u}}r Entwicklung Und Evolution Von Anwendungen Im World Wide Web}},
 type = {dissertation},
 url = {http://scholar.google.com/scholar?hl=en{\&}btnG=Search{\&}q=intitle:Komponententechnik+f{\"{u}}r+Entwicklung+und+Evolution+von+Anwendungen+im+World+Wide+Web{\#}0},
 year = {2000}
}

@online{Gartner2012SaaSSurvey,
 author = {Pettey, Christy and van der Meulen, Rob},
 booktitle = {Gartner Press Release},
 institution = {Gartner},
 keywords = {Cloud,Data Center,Gartner,SaaS,Survey,online},
 title = {{Gartner Survey Shows 71 Percent of Respondents Using SaaS for Less Than Three Years}},
 url = {http://www.gartner.com/newsroom/id/2253215},
 urldate = {2019-10-26},
 year = {2012}
}

@techreport{Gartner2013CIOAgenda,
 author = {{Gartner Research}},
 booktitle = {Gartner},
 pages = {1--12},
 title = {{Insights From the 2013 Gartner CIO Agenda Report: Hunting and Harvesting in a Digital World}},
 url = {http://www.gartner.com/imagesrv/cio/pdf/cio{\_}agenda{\_}insights2013.pdf},
 year = {2013}
}

@online{Gartner2013Priorities,
 author = {Pettey, Christy and van der Meulen, Rob},
 booktitle = {Gartner Press Release},
 keywords = {online},
 title = {{Gartner Executive Program Survey of More Than 2,000 CIOs Shows Digital Technologies Are Top Priorities in 2013}},
 url = {https://www.gartner.com/newsroom/id/2304615},
 urldate = {2018-08-10},
 year = {2013}
}

@online{Gartner2014ModernizationFailure,
 author = {Gartner},
 booktitle = {Gartner},
 keywords = {online},
 title = {{High Failure Rates in Insurance Legacy Modernization Challenge CIOs}},
 url = {https://www.gartner.com/doc/2653016/high-failure-rates-insurance-legacy},
 urldate = {2019-12-06},
 year = {2014}
}

@online{Gartner2016Culture,
 author = {Gartner},
 booktitle = {Smarter with Gartner},
 keywords = {online},
 title = {{The Key to Business Transformation Is Culture}},
 url = {https://www.gartner.com/smarterwithgartner/the-key-to-business-transformation-is-culture/},
 urldate = {2018-02-11},
 year = {2016}
}

@misc{GDPR2016,
 author = {{EU General Data Protection Regulation}},
 booktitle = {Official Journal of the European Union},
 keywords = {GDPR},
 pages = {1--88},
 title = {{Regulation (EU) 2016/679 of the European Parliament and of the Council of 27 April 2016 on the Protection of Natural Persons With Regard to the Processing of Personal Data and on the Free Movement of Such Data, and Repealing Directive 95/46/Ec}},
 volume = {59},
 year = {2016}
}

@inproceedings{Gipp2007ReMiP,
 author = {Gipp, Torsten and Winter, Andreas},
 booktitle = {2007 9th IEEE International Workshop on Web Site Evolution},
 doi = {10.1109/WSE.2007.4380238},
 isbn = {9781424414505},
 keywords = {Process model,Remip,Web site migration},
 month = {10},
 pages = {9--13},
 publisher = {IEEE},
 title = {{Applying the ReMiP to Web Site Migration}},
 url = {http://ieeexplore.ieee.org/lpdocs/epic03/wrapper.htm?arnumber=4380238 http://ieeexplore.ieee.org/document/4380238/},
 year = {2007}
}

@article{Gitzel2007WebEngineeringMDD,
 author = {Gitzel, Ralf and Korthaus, Axel and Schader, Martin},
 doi = {10.1016/j.scico.2006.09.001},
 issn = {0167-6423},
 journal = {Science of Computer Programming},
 keywords = {Code generation,Model-Driven Architecture (MDA),Model-Driven Development (MDD),Web Application frameworks,Web Applications,Web design languages},
 number = {2},
 pages = {105--124},
 title = {{Using Established Web Engineering Knowledge in Model-Driven Approaches}},
 volume = {66},
 year = {2007}
}

@article{Gold2004SOA,
 author = {Gold, N. E. and Mohan, A. and Knight, C. and Munro, M.},
 doi = {10.1109/MS.2004.1270766},
 journal = {IEEE Software},
 month = {3},
 number = {2},
 pages = {71--77},
 title = {{Understanding Service-Oriented Software}},
 url = {http://ieeexplore.ieee.org/document/1270766/},
 volume = {21},
 year = {2004}
}

@article{Gold2005ConceptSlicing,
 author = {Gold, N. E. and Harman, Mark. and Binkley, D. and Hierons, R. M.},
 doi = {10.1002/spe.664},
 issn = {0038-0644},
 journal = {Software: Practice and Experience},
 keywords = {Concept assignment,Program slicing,Reverse engineering,concept slicing},
 month = {8},
 number = {10},
 pages = {977--1006},
 title = {{Unifying Program Slicing and Concept Assignment for Higher-Level Executable Source Code Extraction}},
 url = {http://doi.wiley.com/10.1002/spe.664},
 volume = {35},
 year = {2005}
}

@article{Gordon1995RapidPrototyping,
 author = {Gordon, V.S. and Bieman, J.M.},
 doi = {10.1109/52.363162},
 journal = {IEEE Software},
 keywords = {prototyping},
 month = {1},
 number = {1},
 pages = {85--95},
 title = {{Rapid Prototyping: Lessons Learned}},
 url = {http://ieeexplore.ieee.org/document/363162/},
 volume = {12},
 year = {1995}
}

@inproceedings{Grechanik2007,
 author = {Grechanik, Mark and Conroy, Kevin M. and Swaminathan, Kishore S.},
 booktitle = {IEEE International Conference on Service-Oriented Computing and Applications (SOCA '07)},
 doi = {10.1109/SOCA.2007.16},
 isbn = {0769528619},
 keywords = {GAP,Gaps2Ws,accessibility,candidate,web services},
 month = {6},
 pages = {72--79},
 publisher = {IEEE},
 title = {{Creating Web Services From GUI-Based Applications}},
 url = {http://ieeexplore.ieee.org/document/4273412/},
 year = {2007}
}

@inproceedings{Grechanik2009ICSE,
 author = {Grechanik, Mark and Xie, Qing and Fu, Chen},
 booktitle = {2009 IEEE 31st International Conference on Software Engineering},
 doi = {10.1109/ICSE.2009.5070540},
 isbn = {9781424434534},
 issn = {0270-5257},
 keywords = {[Electronic Manuscript]},
 pages = {408--418},
 publisher = {IEEE},
 title = {{Maintaining and Evolving GUI-directed Test Scripts}},
 url = {http://ieeexplore.ieee.org/document/5070540/},
 year = {2009}
}

@inproceedings{Grechanik2009ICSM,
 author = {Grechanik, Mark and Xie, Qing and Fu, Chen},
 booktitle = {2009 IEEE International Conference on Software Maintenance},
 doi = {10.1109/ICSM.2009.5306345},
 isbn = {9781424448975},
 month = {9},
 pages = {9--18},
 publisher = {IEEE},
 title = {{Experimental Assessment of Manual Versus Tool-Based Maintenance of GUI-directed Test Scripts}},
 url = {http://ieeexplore.ieee.org/document/5306345/},
 year = {2009}
}

@inproceedings{Grechanik2018,
 author = {Grechanik, Mark and Mao, Chi Wu and Baisal, Ankush and Rosenblum, David and Hossain, B.M. Mainul},
 booktitle = {2018 IEEE International Conference on Software Quality, Reliability and Security (QRS)},
 doi = {10.1109/QRS.2018.00034},
 isbn = {9781538677575},
 keywords = {Accessibility,Algorithms,Comparison,Differencing,GUI,Generator,Similarity,Testing,Tree-edit},
 month = {7},
 pages = {203--214},
 publisher = {IEEE},
 title = {{Differencing Graphical User Interfaces}},
 url = {https://ieeexplore.ieee.org/document/8424972/},
 year = {2018}
}

@article{Grigera2017,
 author = {Grigera, Juli{\'{a}}n and Garrido, Alejandra and Rivero, Jos{\'{e}} Mat{\'{i}}as and Rossi, Gustavo},
 doi = {10.1016/j.ijhcs.2016.09.009},
 issn = {1095-9300},
 journal = {International Journal of Human Computer Studies},
 keywords = {Log analysis,Refactoring,Usability testing,Web-based interaction},
 number = {September 2016},
 pages = {129--148},
 publisher = {Elsevier},
 title = {{Automatic Detection of Usability Smells in Web Applications}},
 url = {http://dx.doi.org/10.1016/j.ijhcs.2016.09.009},
 volume = {97},
 year = {2017}
}

@article{Hansen1999KnowledgeManagement,
 author = {Hansen, Morten T. and Nohria, Nitin and Tierney, Thomas J.},
 journal = {Harvard Business Review},
 number = {2},
 pages = {106--116},
 title = {{What's Your Strategy for Managing Knowledge?}},
 url = {https://hbr.org/1999/03/whats-your-strategy-for-managing-knowledge},
 volume = {77},
 year = {1999}
}

@techreport{Hardt2012Oauth2.0,
 author = {Hardt, Dick},
 doi = {10.17487/rfc6749},
 editor = {Hardt, D.},
 institution = {IETF},
 keywords = {RFC 6749},
 month = {10},
 title = {{The OAuth 2.0 Authorization Framework}},
 url = {https://www.rfc-editor.org/info/rfc6749},
 year = {2012}
}

@book{HCD2015,
 author = {IDEO},
 edition = {1},
 isbn = {9780991406319},
 publisher = {IDEO.org},
 title = {{The Field Guide to Human-Centered Design}},
 year = {2015}
}

@inproceedings{Heil2016AWSM,
 address = {Rome, Italy},
 author = {Heil, Sebastian and Gaedke, Martin},
 booktitle = {Proceedings of the 11th International Conference on Evaluation of Novel Approaches to Software Engineering - Volume 1: ENASE},
 doi = {10.5220/0005869301890194},
 isbn = {9789897581892},
 keywords = {Agile Development,Software Migration,Software migration,Web Engineering,Web engine,[Agile development,meFirstAuthor},
 pages = {189--194},
 publisher = {SciTePress},
 title = {{AWSM -- Agile Web Migration for SMEs}},
 url = {http://www.scitepress.org/DigitalLibrary/Link.aspx?doi=10.5220/0005869301890194},
 year = {2016}
}

@inproceedings{Heil2016Similarity,
 address = {Cham},
 author = {Heil, Sebastian and Bakaev, Maxim and Gaedke, Martin},
 booktitle = {Web Information Systems Engineering -- WISE 2016},
 doi = {10.1007/978-3-319-48740-3_18},
 editor = {Cellary, Wojciech and Mokbel, Mohamed F. and Wang, Jianmin and Wang, Hua and Zhou, Rui and Zhang, Yanchun},
 isbn = {9783319487397},
 keywords = {Similarity measure,User interface,Web migr,[HCI,meFirstAuthor},
 publisher = {Springer International Publishing},
 pages={252--260},
 title = {{Measuring and Ensuring Similarity of User Interfaces: The Impact of Web Layout}},
 url = {https://link.springer.com/chapter/10.1007/978-3-319-48740-3{\_}18},
 year = {2016}
}

@inproceedings{Heil2017Survey,
 address = {Porto, Portugal},
 author = {Heil, Sebastian and Gaedke, Martin},
 booktitle = {Proceedings of the 12th International Conference on Evaluation of Novel Approaches to Software Engineering - Volume 1: ENASE},
 doi = {10.5220/0006353502550262},
 isbn = {9789897582509},
 keywords = {SME,Software migration,Systematic mapping study,Web engineering,Web migration,meFirstAuthor},
 pages = {255--262},
 publisher = {SciTePress},
 title = {{Web Migration -- A Survey Considering the SME Perspective}},
 url = {http://www.scitepress.org/DigitalLibrary/Link.aspx?doi=10.5220/0006353502550262},
 year = {2017}
}

@inproceedings{Heil2018CSRE,
 address = {Funchal, Portugal},
 author = {Heil, Sebastian and F{\"{o}}rster, Felix and Gaedke, Martin},
 booktitle = {Proceedings of the 13th International Conference on Evaluation of Novel Approaches to Software Engineering - Volume 1: ENASE},
 doi = {10.5220/0006758401470158},
 isbn = {9789897583001},
 keywords = {classification,concept assignment,crowdsourcing,meFirstAuthor,microtasking,reverse engineering,web migration},
 pages = {147--158},
 publisher = {SciTePress},
 title = {{Exploring Crowdsourced Reverse Engineering}},
 url = {http://www.scitepress.org/DigitalLibrary/Link.aspx?doi=10.5220/0006758401470158},
 year = {2018}
}

@inproceedings{Heil2018ReWaMP,
 address = {Caceres, Spain},
 author = {Heil, Sebastian and Siegert, Valentin and Gaedke, Martin},
 booktitle = {Web Engineering: Proceedings of 18th International Conference on Web Engineering (ICWE2018)},
 doi = {10.1007/978-3-319-91662-0_6},
 isbn = {9783319916613},
 issn = {1611-3349},
 keywords = {Prototyping,Software reuse,Web migration,WebAssembly,meFirstAuthor,prototyping,software reuse,web migration,webassembly},
 pages = {84--92},
 editor={Mikkonen, Tommi and Klamma, Ralf and Hern{\'a}ndez, Juan},
 title = {{ReWaMP: Rapid Web Migration Prototyping Leveraging WebAssembly}},
 url = {http://link.springer.com/10.1007/978-3-319-91662-0{\_}6},
 year = {2018}
}

@incollection{Heil2019CSRECCIS,
 author = {Heil, Sebastian and Siegert, Valentin and Gaedke, Martin},
 booktitle = {Evaluation of Novel Approaches to Software Engineering, Revised Selected Papers, Communications in Computer and Information Science},
 doi = {10.1007/978-3-030-22559-9_10},
 editor = {Damiani, Ernesto and Spanoudakis, George and Maciaszek, Leszek},
 isbn = {9783030225582},
 keywords = {meFirstAuthor},
 pages = {215--239},
 publisher = {Springer},
 title = {{Crowdsourced Reverse Engineering: Experiences in Applying Crowdsourcing to Concept Assignment}},
 url = {http://link.springer.com/10.1007/978-3-030-22559-9{\_}10},
 year = {2019}
}

@article{Highsmith2001,
 author = {Highsmith, Jim and Cockburn, Alistair},
 doi = {10.1109/2.947100},
 issn = {0018-9162},
 journal = {Computer},
 number = {9},
 pages = {120--127},
 pmid = {13348272},
 title = {{Agile Software Development: The Business of Innovation}},
 url = {http://ieeexplore.ieee.org/document/947100/},
 volume = {34},
 year = {2001}
}

@book{Hopkins2008Brownfield,
 address = {Upper Saddle River, NJ, USA},
 author = {Hopkins, Richard and Jenkins, Kevin},
 edition = {1},
 isbn = {9780137130122},
 publisher = {IBM Press},
 title = {{Eating the IT Elephant: Moving From Greenfield Development to Brownfield}},
 year = {2008}
}

@article{Howe2006,
 author = {Howe, Jeff},
 journal = {Wired},
 number = {6},
 title = {{The Rise of Crowdsourcing}},
 url = {http://www.wired.com/wired/archive/14.06/crowds.html http://archive.wired.com/wired/archive/14.06/crowds.html},
 volume = {14},
 year = {2006}
}

@misc{IEEE1219Maintenance,
 author = {{IEEE Computer Society}},
 doi = {10.1109/IEEESTD.1998.88278},
 isbn = {0738103365},
 keywords = {life cycle,maintenance,software,software maintenance,standard},
 publisher = {IEEE-SA Standards Board},
 title = {{IEEE 1219-1998 Standard for Software Maintenance}},
 url = {http://ieeexplore.ieee.org/xpl/articleDetails.jsp?tp={\&}arnumber=720567{\&}contentType=Standards{\&}sortType=asc{\_}p{\_}Sequence{\&}filter=AND(p{\_}Publication{\_}Number:5832)},
 year = {1998}
}

@misc{IETF2119MustShould,
 author = {IETF},
 keywords = {must,shoud},
 title = {{RFC 2119 Key Words for Use in RFCs to Indicate Requirement Levels}},
 url = {https://www.ietf.org/rfc/rfc2119.txt},
 year = {1997}
}

@misc{ISO/IEC2009FSM,
 author = {ISO/IEC},
 institution = {ISO/IEC 20926:2009},
 keywords = {FP,FSM,Function Points,standard},
 title = {{International Standard ISO/IEC 20926:2009 IFPUG Functional Size Measurement Method 2009}},
 url = {https://www.iso.org/standard/51717.html},
 year = {2009}
}

@misc{ISO/IEEE2006SoftwareLifeCycle,
 author = {ISO/IEEE},
 isbn = {0738149618},
 keywords = {standard},
 title = {{International Standard ISO/IEC 14764 Software Engineering — Software Life Cycle Processes — Maintenance}},
 volume = {14764},
 year = {2006}
}

@misc{ISO/IEEE2017Measurement,
 author = {ISO/IEEE},
 booktitle = {ISO/IEC/IEEE 15939:2017},
 keywords = {standard},
 title = {{ISO/IEC/IEEE International Standard 15939:2017 Systems and Software Engineering -- Measurement Process}},
 year = {2017}
}

@misc{ISO/IEEE24765Vocabulary,
 author = {ISO/IEEE},
 booktitle = {ISO/IEC/IEEE 24765:2017(E)},
 doi = {10.1109/IEEESTD.2017.8016712},
 keywords = {24765,IEC Standards,IEC standards,IEEE Computer Society and Project Management Insti,IEEE Standards,IEEE standards,ISO Standards,ISO standards,ISO/IEC/IEEE international standard,Informatino technology,Software engineering,Systems engineering and theoryt,Terminology,computer,dictionary,information technology,project management,software engineering,software engineering concepts,software requirements,standard,systems engineering,terminology standardization,vocabulary},
 month = {8},
 title = {{ISO/IEC/IEEE International Standard 24765:2017 Systems and Software Engineering -- Vocabulary}},
 year = {2017}
}

@misc{ISO9241-210HCD,
 author = {ISO},
 isbn = {9782889105144},
 keywords = {standard},
 title = {{International Standard ISO 9241-210 Ergonomics of Human–system Interaction — Part 210: Human-Centred Design for Interactive Systems}},
 year = {2010}
}

@inproceedings{Jahanian2017,
 address = {New York, New York, USA},
 author = {Jahanian, Ali and Isola, Phillip and Wei, Donglai},
 booktitle = {Proceedings of the 2017 CHI Conference Extended Abstracts on Human Factors in Computing Systems - CHI EA '17},
 doi = {10.1145/3027063.3053238},
 isbn = {9781450346566},
 pages = {2676--2682},
 publisher = {ACM Press},
 title = {{Mining Visual Evolution in 21 Years of Web Design}},
 url = {http://dl.acm.org/citation.cfm?doid=3027063.3053238},
 year = {2017}
}

@article{Jamshidi2013SurveyCloudMigration,
 author = {Jamshidi, Pooyan and Ahmad, Aakash and Pahl, Claus},
 doi = {10.1109/TCC.2013.10},
 issn = {2168-7161},
 journal = {IEEE Transactions on Cloud Computing},
 keywords = {Cloud computing,cloud migration,legacy-to-migration,systematic literature review},
 number = {2},
 pages = {142--157},
 title = {{Cloud Migration Research: A Systematic Review}},
 url = {http://ieeexplore.ieee.org/lpdocs/epic03/wrapper.htm?arnumber=6624108},
 volume = {1},
 year = {2013}
}

@incollection{Jamshidi2015,
 address = {Berlin, Heidelberg},
 author = {Jamshidi, Pooyan and Pahl, Claus and Chinenyeze, Samuel and Liu, Xiaodong},
 doi = {10.1007/978-3-319-22885-3_2},
 editor = {Norta, Alex and Gaaloul, Walid and Gangadharan, G. R. and Dam, Hoa Khanh},
 isbn = {9783662505380},
 issn = {1611-3349},
 keywords = {IC4,candidate,cloud architecture},
 pages = {6--19},
 publisher = {Springer Berlin Heidelberg},
 series = {Lecture Notes in Computer Science},
 title = {{Cloud Migration Patterns: A Multi-Cloud Service Architecture Perspective}},
 url = {http://link.springer.com/10.1007/978-3-662-50539-7 http://link.springer.com/10.1007/978-3-319-22885-3{\_}2},
 volume = {9586},
 year = {2015}
}

@inproceedings{Joachims1997Rocchio,
 author = {Joachims, Thorsten},
 booktitle = {Fourteenth International Conference on Machine Learning},
 isbn = {1558604863},
 issn = {0091-2174},
 keywords = {Rocchio,naive bayes,prtfidf,tf idf},
 pages = {143--151},
 pmid = {12779183},
 title = {{A Probabilistic Analysis of the Rocchio Algorithm With TFIDF for Text Categorization.}},
 url = {http://oai.dtic.mil/oai/oai?verb=getRecord{\&}metadataPrefix=html{\&}identifier=ADA307731},
 year = {1997}
}

@techreport{Kaindl2009RSL,
 author = {Kaindl, Hermann and Smialek, Michal and Wagner, Patrick and Svetinovic, Davor and Ambroziewicz, Albert and Bojarski, Jacek and Nowakowski, Wiktor and Straszak, Tomasz and Schwarz, Hannes and Bildhauer, Daniel and Falb, J{\"{u}}rgen and Brogan, John Paul and Mukasa, Kizito Ssamula and Wolter, Katharina and Jian, Sevan Kavald- and Sz{\'{e}}p, Alexander and Kalnina, Elina and Kalnins, Audris},
 keywords = {ReDSeeDS},
 title = {{ReDSeeDS Requirements Specification Language Definition Deliverable D2.4.2}},
 year = {2009}
}

@book{Kan1996Metrics,
 author = {Kan, Stephen H.},
 edition = {3. print},
 isbn = {0201633396},
 publisher = {Addison Wesley Longman, Inc},
 title = {{Metrics and Models in Software Quality Engineering}},
 url = {https://dl.acm.org/citation.cfm?id=559784},
 year = {1996}
}

@article{Kang2014,
 author = {Kang, Le and Ye, Peng and Li, Yi and Doermann, David},
 doi = {10.1109/CVPR.2014.224},
 isbn = {9781479951178},
 issn = {1063-6919},
 journal = {Proceedings of the IEEE Computer Society Conference on Computer Vision and Pattern Recognition},
 keywords = {Convolutional Neural Network,image quality assessment},
 pages = {1733--1740},
 title = {{Convolutional Neural Networks for No-Reference Image Quality Assessment}},
 year = {2014}
}

@book{Kappel2006WebEngineering,
 editor = {Kappel, Gerti and Pr{\"{o}}ll, Birgitt and Reich, Siegfried and Retschitzegger, Werner},
 isbn = {9780470015544},
 publisher = {Wiley},
 title = {{Web Engineering – The Discipline of Systematic Development of Web Applications}},
 year = {2006}
}

@incollection{Karampaglis2014,
 author = {Karampaglis, Zisis and Mentis, Anakreon and Rafailidis, Fotios and Tsolakidis, Paschalis and Ampatzoglou, Apostolos},
 booktitle = {International Conference on Software Engineering and Formal Methods},
 doi = {10.1007/978-3-642-54338-8_19},
 editor = {Cerone, Antonio and Persico, Donatella and Fernandes, Sara and Garcia-Perez, Alexeis and Katsaros, Panagiotis and Shaikh, Ahmed Siraj and Stamelos, Ioannis},
 isbn = {9783642543388},
 keywords = {TUIMigrate,candidate},
 pages = {229--243},
 publisher = {Springer Berlin Heidelberg},
 title = {{Secure Migration of Legacy Applications to the Web}},
 url = {http://dx.doi.org/10.1007/978-3-642-54338-8{\_}19 http://link.springer.com/10.1007/978-3-642-54338-8{\_}19},
 year = {2014}
}

@inproceedings{Karnitis2015,
 author = {Karnitis, Girts and Arnicans, Guntis},
 booktitle = {2015 7th International Conference on Computational Intelligence, Communication Systems and Networks},
 doi = {10.1109/CICSyN.2015.30},
 isbn = {9781467370165},
 keywords = {- database migration,document-oriented database,logical data,meta model,nosql,relational database},
 month = {6},
 pages = {113--118},
 publisher = {IEEE},
 title = {{Migration of Relational Database to Document-Oriented Database: Structure Denormalization and Data Transformation}},
 url = {http://ieeexplore.ieee.org/lpdocs/epic03/wrapper.htm?arnumber=7311143},
 year = {2015}
}

@inproceedings{Kazman1998Horseshoe,
 author = {Kazman, Rick and Woods, S.G. and Carriere, S.J.},
 booktitle = {Proceedings Fifth Working Conference on Reverse Engineering (Cat. No.98TB100261)},
 doi = {10.1109/WCRE.1998.723185},
 isbn = {0818689676},
 keywords = {horseshoe model},
 pages = {154--163},
 publisher = {IEEE Comput. Soc},
 title = {{Requirements for Integrating Software Architecture and Reengineering Models: CORUM II}},
 url = {http://ieeexplore.ieee.org/document/723185/},
 year = {1998}
}

@article{Kazman2009,
 author = {Kazman, Rick and Chen, Hong-Mei},
 doi = {10.1145/1538788.1538808},
 issn = {0001-0782},
 journal = {Communications of the ACM},
 month = {7},
 number = {7},
 pages = {76--84},
 title = {{The Metropolis Model a New Logic for Development of Crowdsourced Systems}},
 url = {http://dl.acm.org/citation.cfm?id=1538808 http://portal.acm.org/citation.cfm?doid=1538788.1538808},
 volume = {52},
 year = {2009}
}

@techreport{KBV2018,
 address = {Berlin},
 author = {{Kassen{\"{a}}rztliche Bundesvereinigung}},
 institution = {Kassen{\"{a}}rztliche Bundesvereinigung, Dezernat Digitalisierung und IT},
 keywords = {KBV},
 title = {{IT in Der Arztpraxis - Verzeichnis Zertifizierter Software}},
 year = {2018}
}

@inproceedings{Khadka2011ServiciFi,
 author = {Khadka, Ravi and Reijnders, Gijs and Saeidi, Amir M. and Jansen, Slinger and Hage, Jurriaan},
 booktitle = {2011 27th IEEE International Conference on Software Maintenance (ICSM)},
 doi = {10.1109/ICSM.2011.6080783},
 isbn = {9781457706646},
 keywords = {candidate,servicify},
 month = {9},
 pages = {163--172},
 publisher = {IEEE},
 title = {{A Method Engineering Based Legacy to SOA Migration Method}},
 url = {http://ieeexplore.ieee.org/lpdocs/epic03/wrapper.htm?arnumber=6080783},
 year = {2011}
}

@incollection{Khadka2013SurveySOAMigration,
 author = {Khadka, Ravi and Saeidi, Amir M. and Idu, Andrei and Hage, Jurriaan and Jansen, Slinger},
 booktitle = {Migrating Legacy Applications: Challenges in Service Oriented Architecture and Cloud Computing Environments},
 chapter = {3},
 doi = {10.4018/978-1-4666-2488-7},
 editor = {Ionita, Anca Daniela and Litoiu, Marin and Lewis, Grace},
 isbn = {9781466624887},
 keywords = {migration,soa},
 pages = {40--71},
 publisher = {IGI Global},
 title = {{Legacy to SOA Evolution: A Systematic Literature Review}},
 url = {http://www.igi-global.com/chapter/legacy-soa-evolution/72212/ http://services.igi-global.com/resolvedoi/resolve.aspx?doi=10.4018/978-1-4666-2488-7},
 year = {2013}
}

@inproceedings{Khadka2014ProfessionalsModernization,
 address = {New York, New York, USA},
 author = {Khadka, Ravi and Batlajery, Belfrit V. and Saeidi, Amir M. and Jansen, Slinger and Hage, Jurriaan},
 booktitle = {Proceedings of the 36th International Conference on Software Engineering - ICSE 2014},
 doi = {10.1145/2568225.2568318},
 isbn = {9781450327565},
 keywords = {grounded theory,legacy modernization,legacy systems},
 pages = {36--47},
 publisher = {ACM Press},
 title = {{How Do Professionals Perceive Legacy Systems and Software Modernization?}},
 url = {http://dl.acm.org/citation.cfm?doid=2568225.2568318},
 year = {2014}
}

@phdthesis{Khadka2016PHD,
 author = {Khadka, Ravi},
 isbn = {9789039365120},
 keywords = {candidate,servicify},
 number = {April},
 school = {Utrecht University},
 title = {{Revisiting Legacy Software System Modernization}},
 type = {dissertation},
 year = {2016}
}

@techreport{Khusidman2007,
 author = {Khusidman, Vitaly and Ulrich, William M.},
 keywords = {ADM},
 title = {{Architecture-Driven Modernization: Transforming the Enterprise}},
 year = {2007}
}

@incollection{Kienle2014EvolutionWeb,
 author = {Kienle, Holger M. and Distante, Damiano},
 booktitle = {Evolving Software Systems},
 chapter = {7},
 doi = {10.1007/978-3-642-45398-4},
 edition = {1},
 editor = {Mens, Tom and Serebrenik, Alexander and Cleve, Anthony},
 isbn = {9783642453977},
 pages = {201--228},
 publisher = {Springer Berlin Heidelberg},
 title = {{Evolution of Web Systems}},
 url = {http://link.springer.com/10.1007/978-3-642-45398-4},
 year = {2014}
}

@online{Knorr2003WebAsPlatform,
 author = {Knorr, Eric},
 booktitle = {CIO},
 keywords = {Standards,WebAsPlatform,online},
 title = {{2004: The Year of Web Services}},
 url = {https://www.cio.com/article/2439869/web-services/2004--the-year-of-web-services.html},
 urldate = {2018-07-11},
 year = {2003}
}

@incollection{Koch2008UWE,
 address = {London},
 author = {Koch, Nora and Knapp, Alexander and Zhang, Gefei and Baumeister, Hubert},
 booktitle = {Web Engineering: Modelling and Implementing Web Applications},
 doi = {10.1007/978-1-84628-923-1_7},
 editor = {Rossi, Gustavo and Pastor, Oscar and Schwabe, Daniel and Olsina, Luis},
 isbn = {9781846289224},
 issn = {1571-5035},
 number = {January},
 pages = {157--191},
 pmid = {19084907},
 publisher = {Springer London},
 series = {Human-Computer Interaction Series},
 title = {{Uml-Based Web Engineering}},
 url = {http://link.springer.com/10.1007/978-1-84628-923-1 http://link.springer.com/10.1007/978-1-84628-923-1{\_}7},
 year = {2008}
}

@inproceedings{Kong1999,
 address = {Munich},
 author = {Kong, Lanyan and Stroulia, Eleni and Matichuk, Bruce},
 booktitle = {Proceedings of the 8th International Conference on Human-Computer Interaction},
 doi = {10.1.1.52.4919},
 keywords = {CelLEST,candidate},
 pages = {1167--1171},
 title = {{Legacy Interface Migration: A Task-Centered Approach}},
 url = {http://citeseerx.ist.psu.edu/viewdoc/download?doi=10.1.1.32.4231{\&}rep=rep1{\&}type=pdf},
 year = {1999}
}

@article{Kong2012,
 author = {Kong, Jun and Barkol, Omer and Bergman, Ruth and Pnueli, Ayelet and Schein, Sagi and Zhang, Kang and Zhao, Chunying},
 doi = {10.1109/TSMCC.2011.2171335},
 journal = {IEEE Transactions on Systems, Man, and Cybernetics, Part C (Applications and Reviews)},
 keywords = {Data extraction,Grammar,Graphical user interfaces,HTML,HTML source codes,Image segmentation,Internet,SGG,Semantics,Visualization,Web interface interpretation,Web pages,abstract syntax,atomic interface objects,computer-vision,document image processing,document object model structure,graph grammar,graph grammars,image processing,image-processing technology,information retrieval,page segmentation,segmented screen objects,semantic grouping,spatial graph grammar,user interfaces,visual},
 number = {4},
 pages = {590--602},
 title = {{Web Interface Interpretation Using Graph Grammars}},
 volume = {42},
 year = {2012}
}

@inproceedings{Krasteva2013REMICSAgile,
 address = {Rome, Italy},
 author = {Krasteva, Iva and Stavru, Stavros and Ilieva, Sylvia},
 booktitle = {Proceedings of The Eighth International Conference on Internet and Web Applications and Services (ICIW 2013)},
 isbn = {9781612082806},
 keywords = {REMICS,agile methodology,candidate,cloud computing,driven modernization,model-,software as a service},
 pages = {1--9},
 publisher = {Xpert Publishing Services},
 title = {{Agile Model-Driven Modernization to the Service Cloud}},
 year = {2013}
}

@inproceedings{Kumar2013Webzeitgeist,
 address = {New York, New York, USA},
 author = {Kumar, Ranjitha and Satyanarayan, Arvind and Torres, Cesar and Lim, Maxine and Ahmad, Salman and Klemmer, Scott R. and Talton, Jerry O},
 booktitle = {Proceedings of the SIGCHI Conference on Human Factors in Computing Systems - CHI '13},
 doi = {10.1145/2470654.2466420},
 isbn = {9781450318990},
 pages = {3083},
 publisher = {ACM Press},
 title = {{Webzeitgeist: Design Mining the Web}},
 url = {http://dl.acm.org/citation.cfm?doid=2470654.2466420},
 year = {2013}
}

@article{Latoza2016,
 author = {Latoza, T. D. Thomas D. and van der Hoek, Andr{\'{e}}},
 doi = {10.1109/MS.2016.12},
 journal = {IEEE Software},
 keywords = {programming teams,software management,staffing},
 pages = {1--13},
 title = {{Crowdsourcing in Software Engineering : Models , Opportunities , and Challenges}},
 url = {http://ieeexplore.ieee.org/xpls/abs{\_}all.jsp?arnumber=7367992},
 year = {2016}
}

@article{Lee2006IG,
 author = {Lee, Changki and Lee, Gary Geunbae},
 doi = {10.1016/j.ipm.2004.08.006},
 issn = {0306-4573},
 journal = {Information Processing {\&} Management},
 month = {1},
 number = {1},
 pages = {155--165},
 title = {{Information Gain and Divergence-Based Feature Selection for Machine Learning-Based Text Categorization}},
 url = {https://linkinghub.elsevier.com/retrieve/pii/S0306457304000962},
 volume = {42},
 year = {2006}
}

@techreport{Lewis2005SMART,
 address = {Pittsburgh, PA},
 author = {Lewis, Grace and Morris, Edwin and O'Brien, Liam and Smith, Dennis B. and Wrage, Lutz},
 institution = {Software Engineering Institute, Carnegie Mellon University},
 keywords = {SMART,candidate},
 number = {CMU/SEI-2005-TN-029},
 title = {{SMART: The Service-Oriented Migration and Reuse Technique}},
 url = {http://resources.sei.cmu.edu/library/asset-view.cfm?AssetID=7481},
 year = {2005}
}

@techreport{Lewis2008SMART,
 address = {Pittsburgh, PA},
 author = {Lewis, Grace and Morris, Edwin and Smith, Dennis B. and Simanta, Soumya},
 institution = {Software Engineering Institute, Carnegie Mellon University},
 keywords = {SMART,candidate},
 number = {CMU/SEI-2008-TN-008},
 title = {{SMART: Analyzing the Reuse Potential of Legacy Components in a Service-Oriented Architecture Environment}},
 url = {http://resources.sei.cmu.edu/library/asset-view.cfm?AssetID=8571},
 year = {2008}
}

@online{Lewis2010SMART,
 author = {Lewis, Grace},
 booktitle = {CMU Digital Library},
 keywords = {SMART,candidate,online},
 title = {{SMART: SOA Migration, Adoption, and Reuse Technique}},
 url = {https://resources.sei.cmu.edu/library/asset-view.cfm?assetid=30930},
 urldate = {2019-12-06},
 year = {2010}
}

@inproceedings{Li2014,
 author = {Li, Weijun and Chen, Xu and Ma, Z. M.},
 booktitle = {2014 IEEE International Conference on Fuzzy Systems (FUZZ-IEEE)},
 doi = {10.1109/FUZZ-IEEE.2014.6891569},
 isbn = {9781479920723},
 issn = {1098-7584},
 keywords = {fuzzy DTD,fuzzy XML,fuzzy nested relational mode,reengineering},
 month = {7},
 pages = {1612--1617},
 publisher = {IEEE},
 title = {{Reengineering Fuzzy Nested Relational Databases Into Fuzzy XML Model}},
 url = {http://ieeexplore.ieee.org/lpdocs/epic03/wrapper.htm?arnumber=6891569},
 year = {2014}
}

@article{Li2015TDSMS,
 author = {Li, Zengyang and Avgeriou, Paris and Liang, Peng},
 doi = {10.1016/j.jss.2014.12.027},
 issn = {0164-1212},
 journal = {Journal of Systems and Software},
 keywords = {Systematic mapping study,Technical debt,Technical debt management},
 pages = {193--220},
 publisher = {Elsevier Ltd.},
 title = {{A Systematic Mapping Study on Technical Debt and Its Management}},
 url = {http://dx.doi.org/10.1016/j.jss.2014.12.027},
 volume = {101},
 year = {2015}
}

@article{Liao1998,
 author = {Liao, T. Warren and Zhang, Zhiming and Mount, Claude R.},
 doi = {10.1080/088395198117730},
 issn = {0883-9514},
 journal = {Applied Artificial Intelligence},
 month = {6},
 number = {4},
 pages = {267--288},
 title = {{Similarity Measures for Retrieval in Case-Based Reasoning Systems}},
 url = {http://www.tandfonline.com/doi/abs/10.1080/088395198117730},
 volume = {12},
 year = {1998}
}

@article{Liu2010VIDE,
 author = {Liu, Wei and Meng, Xiaofeng and Meng, Weiyi},
 doi = {10.1109/TKDE.2009.109},
 issn = {1041-4347},
 journal = {IEEE Transactions on Knowledge and Data Engineering},
 keywords = {Visual features of deep Web pages,Web data extraction,Web mining,Wrapper generation},
 month = {3},
 number = {3},
 pages = {447--460},
 title = {{ViDE: A Vision-Based Approach for Deep Web Data Extraction}},
 url = {http://ieeexplore.ieee.org/document/4840351/},
 volume = {22},
 year = {2010}
}

@article{Liu2017DNNSurvey,
 author = {Liu, Weibo and Wang, Zidong and Liu, Xiaohui and Zeng, Nianyin and Liu, Yurong and Alsaadi, Fuad E},
 doi = {10.1016/j.neucom.2016.12.038},
 issn = {0925-2312},
 journal = {Neurocomputing},
 keywords = {Autoencoder,Convolutional Neural Network,Deep Belief Network,Deep Learning,Restricted Boltzmann Machine},
 month = {4},
 pages = {11--26},
 title = {{A Survey of Deep Neural Network Architectures and Their Applications}},
 url = {http://dx.doi.org/10.1016/j.neucom.2016.12.038 https://linkinghub.elsevier.com/retrieve/pii/S0925231216315533},
 volume = {234},
 year = {2017}
}

@inproceedings{Lucia2006,
 author = {Lucia, Andrea De and Francese, Rita and Scanniello, Giuseppe and Tortora, Genoveffa and Vitiello, Nicola},
 booktitle = {2006 22nd IEEE International Conference on Software Maintenance},
 doi = {10.1109/ICSM.2006.9},
 isbn = {0769523544},
 issn = {1063-6773},
 keywords = {MELIS,candidate},
 month = {9},
 pages = {438--447},
 publisher = {IEEE},
 title = {{A Strategy and an Eclipse Based Environment for the Migration of Legacy Systems to Multi-Tier Web-Based Architectures}},
 url = {http://ieeexplore.ieee.org/lpdocs/epic03/wrapper.htm?arnumber=4021372 http://ieeexplore.ieee.org/document/4021372/},
 year = {2006}
}

@article{Lucia2007SimilarPages,
 archiveprefix = {arXiv},
 arxivid = {1408.1293},
 author = {Lucia, Andrea De and Scanniello, Giuseppe and Tortora, Genoveffa},
 doi = {10.1002/smr.359},
 eprint = {1408.1293},
 isbn = {9781450330565},
 issn = {1532-060X},
 journal = {Journal of Software Maintenance and Evolution: Research and Practice},
 keywords = {Conceptual schema,Design pattern detection,Object-relational mapping,Reverse engineering},
 month = {9},
 number = {5},
 pages = {281--296},
 pmid = {67195556},
 title = {{Identifying Similar Pages in Web Applications Using a Competitive Clustering Algorithm}},
 url = {http://doi.wiley.com/10.1002/smr.359},
 volume = {19},
 year = {2007}
}

@article{Lucia2008,
 archiveprefix = {arXiv},
 arxivid = {1008.1900},
 author = {Lucia, Andrea De and Francese, Rita and Scanniello, Giuseppe and Tortora, Genoveffa},
 doi = {10.1002/spe.870},
 eprint = {1008.1900},
 issn = {0038-0644},
 journal = {Software: Practice and Experience},
 keywords = {CYC Window Toolkit,Directx,Linux,MELIS,Mac OS x,OpenGL,SME,Windows,candidate,complete coverage},
 month = {11},
 number = {13},
 pages = {1333--1364},
 title = {{Developing Legacy System Migration Methods and Tools for Technology Transfer}},
 url = {http://doi.wiley.com/10.1002/spe.870},
 volume = {38},
 year = {2008}
}

@inproceedings{Lucia2009METAMORPHOS,
 author = {Lucia, Andrea De and Penta, Massimiliano Di and Lanubile, Filippo and Torchiano, Marco},
 booktitle = {2009 13th European Conference on Software Maintenance and Reengineering},
 doi = {10.1109/CSMR.2009.38},
 isbn = {9781424437559},
 issn = {1534-5351},
 keywords = {Empirical studies,MELIS,candidate,software migration},
 pages = {301--304},
 publisher = {IEEE},
 title = {{METAMORPHOS: MEthods and Tools for migrAting Software systeMs Towards Web and Service Oriented aRchitectures: exPerimental Evaluation, Usability, and tecHnOlogy tranSfer}},
 url = {http://ieeexplore.ieee.org/document/4812776/},
 year = {2009}
}

@article{Mackay2000,
 author = {Mackay, Hugh and Carne, Chris and Beynon-Davies, Paul and Tudhope, Doug},
 doi = {10.1177/030631200030005004},
 issn = {0306-3127},
 journal = {Social Studies of Science},
 month = {10},
 number = {5},
 pages = {737--757},
 title = {{Reconfiguring the User: Using Rapid Application Development}},
 url = {http://journals.sagepub.com/doi/10.1177/030631200030005004},
 volume = {30},
 year = {2000}
}

@article{Maenhaut2015,
 archiveprefix = {arXiv},
 arxivid = {1008.1900},
 author = {Maenhaut, Pieter-Jan and Moens, Hendrik and Ongenae, Veerle and Turck, Filip De},
 doi = {10.1002/spe.2320},
 eprint = {1008.1900},
 issn = {0038-0644},
 journal = {Software: Practice and Experience},
 keywords = {cloud computing,medical software,migration,multi-tenancy,software-as-a-service},
 month = {1},
 number = {1},
 pages = {31--54},
 title = {{Migrating Legacy Software to the Cloud: Approach and Verification by Means of Two Medical Software Use Cases}},
 url = {http://doi.wiley.com/10.1002/spe.2320},
 volume = {46},
 year = {2016}
}

@article{Manolescu2005,
 author = {Manolescu, Ioana and Brambilla, Marco and Ceri, Stefano and Comai, Sara and Fraternali, Piero},
 doi = {10.1145/1084772.1084773},
 isbn = {1595930604},
 issn = {1533-5399},
 journal = {ACM Transactions on Internet Technology},
 number = {3},
 pages = {439--479},
 title = {{Model-Driven Design and Deployment of Service-Enabled Web Applications}},
 url = {http://portal.acm.org/citation.cfm?doid=1084772.1084773},
 volume = {5},
 year = {2005}
}

@article{Mao2017,
 author = {Mao, Ke and Capra, Licia and Harman, Mark and Jia, Yue},
 doi = {10.1016/j.jss.2016.09.015},
 isbn = {9783662470107},
 issn = {0164-1212},
 journal = {Journal of Systems and Software},
 keywords = {Crowdsourced software engineering,Crowdsourcing,Literature survey,Software crowdsourcing},
 pages = {57--84},
 publisher = {Elsevier Inc.},
 title = {{A Survey of the Use of Crowdsourcing in Software Engineering}},
 url = {http://www.sciencedirect.com/science/article/pii/S0164121216301832},
 volume = {126},
 year = {2017}
}

@inproceedings{Marchetto2008,
 author = {Marchetto, Alessandro and Ricca, Filippo},
 booktitle = {2008 10th International Symposium on Web Site Evolution},
 doi = {10.1109/WSE.2008.4655392},
 isbn = {9781424427901},
 issn = {1550-4441},
 keywords = {Axis,Business rules,Marchetto2008,Migration,SOA,Stepwise approach,candidate},
 month = {10},
 pages = {27--36},
 publisher = {IEEE},
 title = {{Transforming a Java Application in an Equivalent Web-Services Based Application: Toward a Tool Supported Stepwise Approach}},
 url = {http://ieeexplore.ieee.org/lpdocs/epic03/wrapper.htm?arnumber=4655392},
 year = {2008}
}

@article{Marcotte2010Responsive,
 author = {Marcotte, Ethan},
 journal = {A List Apart},
 number = {306},
 title = {{Responsive Web Design}},
 url = {https://alistapart.com/article/responsive-web-design/},
 year = {2010}
}

@article{Marcus2004ProblemLocation,
 author = {Marcus, Andrian and Sergeyev, Andrey and Rajlich, V{\'{a}}clav and Maletic, Jonathan I.},
 doi = {10.1109/WCRE.2004.10},
 isbn = {0769522432},
 issn = {1095-1350},
 journal = {Proceedings - Working Conference on Reverse Engineering, WCRE},
 keywords = {concept assignment},
 pages = {214--223},
 title = {{An Information Retrieval Approach to Concept Location in Source Code}},
 year = {2004}
}

@book{Martin1991RAD,
 address = {Indianapolis, IN, USA},
 author = {Martin, James},
 isbn = {0023767758},
 publisher = {Macmillan Publishing Co., Inc.},
 title = {{Rapid Application Development}},
 year = {1991}
}

@book{Masak2006,
 address = {Berlin/Heidelberg},
 author = {Masak, Dieter},
 doi = {10.1007/3-540-30320-0},
 isbn = {3540254129},
 publisher = {Springer-Verlag},
 series = {Xpert.press},
 title = {{Legacysoftware}},
 url = {http://link.springer.com/10.1007/3-540-30320-0},
 year = {2006}
}

@article{Mauffrey2017,
 author = {Mauffrey, Cyril and Scarlat, Marius M.},
 doi = {10.1007/978-3-319-69350-7},
 isbn = {9783319693507},
 journal = {Medical Writing and Research Methodology for the Orthopaedic Surgeon},
 keywords = {abstracts,addition,approach,bibliographies,classification,engineering,index terms,interactions,maps,models,prototypes,roads,scenarios,software engineering,specifications,taxonomy,tools,validation},
 number = {October},
 pages = {1--86},
 title = {{A Classification and Bibliography of Software Prototyping}},
 year = {2017}
}

@inproceedings{McCallum1998NB,
 author = {McCallum, Andrew and Nigam, Kamal},
 booktitle = {AAAI-98 workshop on learning for text categorization},
 doi = {10.1.1.65.9324},
 keywords = {bernoulli,naive bayes},
 number = {1},
 pages = {41--48},
 title = {{A Comparison of Event Models for Naive Bayes Text Classification}},
 volume = {752},
 year = {1998}
}

@article{McDonald2005AWE,
 author = {McDonald, Andrew and Welland, Ray},
 journal = {Journal of Web Engineering},
 number = {4},
 pages = {283--321},
 title = {{Agile Web Engineering (AWE) Process: Perceptions Within a Fortune 500 Financial Services Company}},
 url = {http://dl.acm.org/citation.cfm?id=2011182},
 volume = {4},
 year = {2005}
}

@article{Mckeeman1998DifferentialTesting,
 author = {Mckeeman, William M.},
 doi = {10.1.1.83.445},
 journal = {Digital Technical Journal},
 number = {1},
 pages = {100--107},
 title = {{Differential Testing for Software}},
 volume = {10},
 year = {1998}
}

@misc{Medatixx2018,
 author = {{medatixx GmbH {\&} Co. KG}},
 title = {{Medatixx - Zahlen, Daten, Fakten}},
 year = {2018}
}

@article{Mendelzon1995,
 author = {Mendelzon, A. and Sametinger, Johannes},
 doi = {10.1.1.52.7279},
 journal = {Software Concepts and Tools},
 pages = {170--182},
 title = {{Reverse Engineering by Visualizing and Querying}},
 volume = {16},
 year = {1995}
}

@inproceedings{Meng2011,
 author = {Meng, Xin and Shi, Jingwei and Liu, Xiaowei and Liu, Huifeng and Wang, Lian},
 booktitle = {2011 IEEE 4th International Conference on Cloud Computing},
 doi = {10.1109/CLOUD.2011.56},
 isbn = {9781457708367},
 issn = {2159-6182},
 keywords = {AMS,Application migration,Cloud computing,GUI recognition and reconstruction,Mashup,candidate},
 month = {7},
 pages = {750--751},
 publisher = {IEEE},
 title = {{Legacy Application Migration to Cloud}},
 url = {http://ieeexplore.ieee.org/document/6008785/},
 year = {2011}
}

@inproceedings{Menychtas2013ARTIST,
 author = {Menychtas, Andreas and Santzaridou, Christina and Kousiouris, George and Varvarigou, Theodora and Orue-Echevarria, Leire and Alonso, Juncal and Gorro{\~{n}}ogoitia, Jesus and Bruneli{\`{e}}re, Hugo and Strauss, Oliver and Senkova, Tatiana and Pellens, Bram and Stuer, Peter},
 booktitle = {2013 15th International Symposium on Symbolic and Numeric Algorithms for Scientific Computing},
 doi = {10.1109/SYNASC.2013.62},
 isbn = {9781479930364},
 keywords = {ARTIST,Cloud Computing,Legacy Software,Methodology,Migration,Modelling,Modernization,candidate},
 month = {9},
 pages = {424--431},
 publisher = {IEEE},
 title = {{ARTIST Methodology and Framework: A Novel Approach for the Migration of Legacy Software on the Cloud}},
 url = {http://ieeexplore.ieee.org/document/6821179/},
 year = {2013}
}

@article{Menychtas2014ARTISTJournal,
 author = {Menychtas, Andreas and Konstanteli, Kleopatra and Alonso, Juncal and Orue-Echevarria, Leire and Gorro{\~{n}}ogoitia, Jesus and Kousiouris, George and Santzaridou, Christina and Bruneli{\`{e}}re, Hugo and Pellens, Bram and Stuer, Peter and Strauss, Oliver and Senkova, Tatiana and Varvarigou, Theodora},
 doi = {10.12694/scpe.v15i2.980},
 issn = {1895-1767},
 journal = {Scalable Computing: Practice and Experience},
 keywords = {ARTIST,Cloud computing,Legacy software,Methodology,Migration,Modelling,SaaS,candidate},
 month = {7},
 number = {2},
 pages = {131--152},
 title = {{Software Modernization and Cloudification Using the ARTIST Migration Methodology and Framework}},
 url = {http://www.scpe.org/index.php/scpe/article/view/980},
 volume = {15},
 year = {2014}
}

@article{Merlo1995ScreenScraping,
 author = {Merlo, E. and Gagne, P.-Y. and Girard, J.-F. and Kontogiannis, K. and Hendren, L. and Panangaden, P. and Mori, R. De},
 doi = {10.1109/52.363164},
 issn = {0740-7459},
 journal = {IEEE Software},
 keywords = {M{\&}S SW,candidate},
 number = {1},
 pages = {64--73},
 title = {{Reengineering User Interfaces}},
 url = {http://ieeexplore.ieee.org/document/363164/},
 volume = {12},
 year = {1995}
}

@inproceedings{Miniukovich2015,
 address = {New York, New York, USA},
 author = {Miniukovich, Aliaksei and {De Angeli}, Antonella},
 booktitle = {Proceedings of the 2015 British HCI Conference on - British HCI '15},
 doi = {10.1145/2783446.2783580},
 isbn = {9781450336437},
 pages = {101--109},
 publisher = {ACM Press},
 title = {{Visual Diversity and User Interface Quality}},
 url = {http://dl.acm.org/citation.cfm?doid=2783446.2783580},
 year = {2015}
}

@incollection{Mohagheghi2010REMICS,
 author = {Mohagheghi, Parastoo and Berre, Arne J. and Henry, Alexis and Barbier, Franck and Sadovykh, Andrey},
 booktitle = {Towards a Service-Based Internet},
 doi = {10.1007/978-3-642-17694-4_20},
 editor = {Abramowicz, Witold and Llorente, Ignacio M. and Surridge, Mike and Zisman, Andrea and Vayssi{\`{e}}re, Julien},
 isbn = {9783642247545},
 issn = {1613-0073},
 keywords = {ADM,Cloud computing,REMICS,SoaML,candidate,legacy systems,service-oriented architecture},
 pages = {195--196},
 publisher = {Springer Berlin Heidelberg},
 title = {{REMICS- REuse and Migration of Legacy Applications to Interoperable Cloud Services}},
 url = {http://link.springer.com/10.1007/978-3-642-24755-2{\_}32 http://link.springer.com/10.1007/978-3-642-17694-4{\_}20},
 year = {2010}
}

@inproceedings{Mohagheghi2011REMICS,
 author = {Mohagheghi, Parastoo and S{\ae}ther, Thor},
 booktitle = {2011 IEEE World Congress on Services},
 doi = {10.1109/SERVICES.2011.26},
 isbn = {9781457708794},
 issn = {2378-3818},
 keywords = {Cloud computing,Methodology,Migration,REMICS,Service-oriented architecture,Software engineering,candidate,cloud computing,methodology,migration,service-oriented architecture,software engineering},
 month = {7},
 pages = {507--514},
 publisher = {IEEE},
 title = {{Software Engineering Challenges for Migration to the Service Cloud Paradigm: Ongoing Work in the REMICS Project}},
 url = {http://ieeexplore.ieee.org/lpdocs/epic03/wrapper.htm?arnumber=6012795 http://ieeexplore.ieee.org/lpdocs/epic03/wrapper.htm?arnumber=6012736},
 year = {2011}
}

@incollection{Moreno2008MDWE,
 address = {London},
 author = {Moreno, Nathalie and Romero, Jos{\'{e}} Ra{\'{u}}l and Vallecillo, Antonio},
 booktitle = {Web Engineering: Modelling and Implementing Web Applications},
 doi = {10.1007/978-1-84628-923-1_12},
 editor = {Rossi, Gustavo and Pastor, Oscar and Schwabe, Daniel and Olsina, Luis},
 isbn = {9781846289224},
 issn = {1877-0428},
 pages = {353--382},
 publisher = {Springer London},
 title = {{An Overview of Model-Driven Web Engineering and the MDA}},
 url = {http://www.springerlink.com/index/j026q4502u787147.pdf http://link.springer.com/10.1007/978-1-84628-923-1{\_}12},
 year = {2008}
}

@inproceedings{Muller2000,
 author = {M{\"{u}}ller, Hausi A. and Jahnke, Jens H. and Smith, Dennis B. and Storey, Margaret-Anne D. and Tilley, Scott R. and Wong, Kenny},
 booktitle = {Proceedings of the conference on The future of Software engineering - ICSE '00},
 doi = {10.1145/336512.336526},
 isbn = {1581132530},
 keywords = {data reverse en-,gineering,program comprehension,program understanding,reverse engineering,software analysis,software engineering,software evolution,software maintenance},
 pages = {47--60},
 title = {{Reverse Engineering}},
 year = {2000}
}

@book{Murer2011,
 address = {Berlin, Heidelberg},
 author = {Murer, Stephan and Bonati, Bruno and Furrer, Frank J.},
 isbn = {9783642016332},
 publisher = {Springer Berlin Heidelberg},
 title = {{Managed Evolution : A Strategy for Very Large Information Systems}},
 year = {2011}
}

@techreport{NASCIO2016,
 author = {NASCIO},
 institution = {NASCIO},
 title = {{State CIO Top Ten Priorities for 2017}},
 year = {2016}
}

@inproceedings{Nasr2010,
 author = {Nasr, Khalid Adam and Gross, H. and van Deursen, A.},
 booktitle = {2010 14th European Conference on Software Maintenance and Reengineering},
 doi = {10.1109/CSMR.2010.13},
 isbn = {9781612843698},
 issn = {1534-5351},
 keywords = {Case study,Re-engineering,SOA},
 month = {3},
 pages = {11--20},
 publisher = {IEEE},
 title = {{Adopting and Evaluating Service Oriented Architecture in Industry}},
 url = {http://ieeexplore.ieee.org/document/5714413/},
 year = {2010}
}

@incollection{Nebeling2012,
 address = {Berlin, Germany},
 author = {Nebeling, Michael and Leone, Stefania and Norrie, Moira C.},
 booktitle = {Web Engineering},
 doi = {10.1007/978-3-642-31753-8_3},
 editor = {Brambilla, Marco and Tokuda, Takehiro and Tolksdorf, Robert},
 isbn = {9783642317538},
 keywords = {crowd-,crowdsourcing,end-user development,lightweight web engineering},
 pages = {31--45},
 publisher = {Springer Berlin Heidelberg},
 title = {{Crowdsourced Web Engineering and Design}},
 url = {http://link.springer.com/chapter/10.1007/978-3-642-31753-8{\_}3 http://www.springerlink.com/index/61V8V65X38V22874.pdf},
 year = {2012}
}

@article{Nebeling2013CrowdAdapt,
 author = {Nebeling, Michael and Speicher, Maximilian and Norrie, Moira C.},
 doi = {10.1145/2480296.2480304},
 isbn = {9781450321389},
 journal = {Proceedings of the 5th ACM SIGCHI symposium on Engineering interactive computing system},
 pages = {23--32},
 title = {{CrowdAdapt: Enabling Crowdsourced Web Page Adaptation for Individual Viewing Conditions and Preferences}},
 url = {http://dl.acm.org/citation.cfm?id=2480304},
 year = {2013}
}

@incollection{Nebeling2013Responsive,
 author = {Nebeling, Michael and Norrie, Moira C.},
 booktitle = {Lecture Notes in Computer Science (including subseries Lecture Notes in Artificial Intelligence and Lecture Notes in Bioinformatics)},
 doi = {10.1007/978-3-642-39200-9_47},
 isbn = {9783642391996},
 issn = {0302-9743},
 keywords = {interface-driven web engineering,responsive web design},
 pages = {510--513},
 title = {{Responsive Design and Development: Methods, Technologies and Current Issues}},
 url = {http://link.springer.com/10.1007/978-3-642-39200-9{\_}47},
 year = {2013}
}

@article{Neumann2018PublicApis,
 author = {Neumann, Andy and Laranjeiro, Nuno and Bernardino, Jorge},
 doi = {10.1109/TSC.2018.2847344},
 issn = {1939-1374},
 journal = {IEEE Transactions on Services Computing},
 keywords = {API,HTTP,REST,RESTful,Web,Web Services,Web Services Analysis},
 number = {November},
 pages = {1--1},
 title = {{An Analysis of Public REST Web Service APIs}},
 url = {https://ieeexplore.ieee.org/document/8385157/},
 year = {2018}
}

@inproceedings{Nguyen2009,
 author = {Nguyen, Dinh Khoa and van den Heuvel, Willem-Jan and Papazoglou, Mike P. and de Castro, Valeria and Marcos, Esperanza},
 booktitle = {2009 IEEE Conference on Commerce and Enterprise Computing},
 doi = {10.1109/CEC.2009.68},
 isbn = {9780769537559},
 issn = {1530-1354},
 keywords = {Business process modeling,Business service engineering,Gap analysis,SAPIENSA,Service oriented architecture,candidate},
 month = {7},
 pages = {215--220},
 publisher = {IEEE},
 title = {{Gap Analysis Methodology for Business Service Engineering}},
 url = {http://ieeexplore.ieee.org/document/5210793/},
 year = {2009}
}

@inproceedings{Nielsen1993,
 address = {New York, New York, USA},
 author = {Nielsen, Jakob and Landauer, Thomas K.},
 booktitle = {Proceedings of the SIGCHI conference on Human factors in computing systems - CHI '93},
 doi = {10.1145/169059.169166},
 isbn = {0897915755},
 issn = {0-89791-575-5},
 pages = {206--213},
 publisher = {ACM Press},
 title = {{A Mathematical Model of the Finding of Usability Problems}},
 year = {1993}
}

@article{NIST2011CloudComputing,
 author = {Mell, Peter and Grance, Timothy},
 journal = {Recommendations of the National Institute of Standards and Technology},
 keywords = {Cloud Computing,IaaS,Infrastructure as a Service,Measured Service,NIST SP 800-145,On-demand Self Service,PaaS,Platform as a Service,Rapid Elasticity,Reserve Pooling,SaaS,Software as a Service,The NIST Definition of Cloud Computing},
 number = {Special Publication 800-145},
 title = {{The NIST Definition of Cloud Computing}},
 year = {2011}
}

@book{Nonaka2008TacitKnowledge,
 author = {Nonaka, Ikujiro},
 isbn = {9781422179741},
 publisher = {Harvard Business Review Press},
 title = {{The Knowledge-Creating Company}},
 url = {https://books.google.de/books?hl=de{\&}lr={\&}id=LmF3CgAAQBAJ{\&}oi=fnd{\&}pg=PT4{\&}dq=The+Knowledge-creating+Company:+How+Japanese+Companies+Create+the+Dynamics+of+Innovation.{\&}ots=TPegtgupe{\_}{\&}sig=D3BO1SG1ihXWHkNt3whbYBTfacA{\#}v=onepage{\&}q{\&}f=false},
 year = {2008}
}

@article{Oasis2006SOA,
 author = {MacKenzie, C. Matthew and Laskey, Ken and McCabe, Francis and Brown, Peter F. and Metz, Rebekah and Hamilton, Booz Allen},
 journal = {OASIS standard},
 title = {{Reference Model for Service Oriented Architecture}},
 url = {http://docs.oasis-open.org/soa-rm/v1.0/soa-rm.pdf},
 volume = {12},
 year = {2006}
}

@misc{OASIS2007BPEL,
 author = {OASIS},
 booktitle = {OASIS standard},
 keywords = {standard},
 title = {{Web Services Business Process Execution Language Version 2.0}},
 url = {http://docs.oasis-open.org/wsbpel/2.0/wsbpel-v2.0.pdf},
 year = {2007}
}

@article{Oliva2001GIST,
 author = {Oliva, Aude and Torralba, Antonio},
 doi = {https://doi.org/10.1023/A:1011139631724},
 journal = {International Journal of Computer Vision},
 keywords = {GIST,GIST features,energy spectrum,natural images,principal components,scene recognition,spatial layout},
 number = {3},
 pages = {145--175},
 publisher = {Kluwer Academic Publishers},
 title = {{Modeling the Shape of the Scene: A Holistic Representation of the Spatial Envelope}},
 url = {https://link.springer.com/article/10.1023/A:1011139631724},
 volume = {42},
 year = {2001}
}

@article{OMG2006,
 author = {OMG},
 doi = {10.1016/j.gie.2008.12.063},
 journal = {OMG - Organization Management Group},
 keywords = {ADM whitepaper},
 pages = {1--12},
 title = {{Architecture-Driven Modernization Scenarios}},
 url = {https://www.omg.org/adm/ADMTF{\_}Scenario{\_}White{\_}Paper(pdf).pdf{\%}0Ahttp://scholar.google.com/scholar?hl=en{\&}btnG=Search{\&}q=intitle:Architecture-Driven+Modernization+Scenarios{\#}3},
 year = {2006}
}

@techreport{OMG2008ADMWhitepaper,
 author = {Khusidman, Vitaly and Ulrich, William M.},
 booktitle = {OMG ADMTF},
 institution = {OMG},
 keywords = {ADM whitepaper},
 pages = {1--7},
 title = {{Architecture-Driven Modernization: Transforming the Enterprise}},
 year = {2008}
}

@misc{OMG2011ASTM,
 author = {{Object Management Group}},
 keywords = {standard},
 number = {January},
 title = {{Architecture-Driven Modernization : Abstract Syntax Tree Metamodel (ASTM) Version 1.0}},
 year = {2011}
}

@misc{OMG2012SMM,
 author = {{Object Management Group}},
 keywords = {standard},
 number = {January},
 title = {{Structured Metrics Metamodel (SMM) Version 1.2}},
 year = {2012}
}

@misc{OMG2013BPMN,
 author = {{Object Management Group}},
 keywords = {standard},
 title = {{Business Process Model and Notation (BPMN) Version 2.0.2}},
 url = {https://www.omg.org/spec/BPMN/},
 year = {2013}
}

@misc{OMG2014MDA,
 author = {{Object Management Group}},
 keywords = {MDA,standard},
 number = {June},
 pages = {1--15},
 title = {{Model Driven Architecture (MDA) Version 2.0}},
 url = {http://www.omg.org/cgi-bin/doc?ormsc/14-06-01},
 year = {2014}
}

@misc{OMG2015IFML,
 author = {{Object Management Group}},
 booktitle = {Interaction Flow Modeling Language},
 institution = {Object Management Group},
 keywords = {standard},
 number = {February},
 title = {{Interaction Flow Modeling Language Version 1.0}},
 year = {2015}
}

@misc{OMG2016KDM,
 author = {{Object Management Group}},
 keywords = {KDM,standard},
 number = {September},
 title = {{Architecture-Driven Modernization: Knowledge Discovery Meta-Model (KDM) Version 1.4}},
 url = {http://www.omg.org/spec/KDM/1.4},
 year = {2016}
}

@misc{OMG2016QVT,
 author = {{Object Management Group}},
 doi = {citeulike-article-id:1557124},
 keywords = {standard},
 title = {{Query/View/Transformation Specification Version 1.3}},
 url = {http://www.omg.org/spec/QVT/1.0/PDF/},
 year = {2016}
}

@misc{OMG2017UML,
 author = {{Object Management Group}},
 keywords = {standard},
 number = {December},
 title = {{OMG Unified Modeling Language Version 2.5.1}},
 url = {https://www.omg.org/spec/UML/},
 year = {2017}
}

@article{OReilly2007Web2.0,
 author = {O'Reilly, Tim},
 journal = {Communications {\&} Strategies},
 keywords = {collective intelligence,data,long tail and,rich client,software as a service},
 number = {First Quarter},
 pages = {17--38},
 title = {{What Is Web 2.0: Design Patterns and Business Models for the Next Generation of Software}},
 url = {https://papers.ssrn.com/sol3/papers.cfm?abstract{\_}id=1008839},
 volume = {1},
 year = {2007}
}

@inproceedings{Oulasvirta2018AIM,
 address = {New York, New York, USA},
 author = {Oulasvirta, Antti and Miniukovich, Aliaksei and Palmas, Gregorio and Weinkauf, Tino and {De Pascale}, Samuli and Koch, Janin and Langerak, Thomas and Jokinen, Jussi and Todi, Kashyap and Laine, Markku and Kristhombuge, Manoj and Zhu, Yuxi},
 booktitle = {The 31st Annual ACM Symposium on User Interface Software and Technology Adjunct Proceedings - UIST '18 Adjunct},
 doi = {10.1145/3266037.3266087},
 isbn = {9781450359498},
 keywords = {computational evaluation,metrics,ui layouts,user interfaces},
 pages = {16--19},
 publisher = {ACM Press},
 title = {{Aalto Interface Metrics (AIM)): A Service and Codebase for Computational GUI Evaluation}},
 url = {http://doi.acm.org/10.1145/3266037.3266087 http://dl.acm.org/citation.cfm?doid=3266037.3266087},
 year = {2018}
}

@incollection{Pahl2013CloudSurvey,
 author = {Pahl, Claus and Xiong, Huanhuan and Walshe, Ray},
 booktitle = {Service-Oriented and Cloud Computing},
 doi = {10.1007/978-3-642-40651-5_18},
 editor = {Lau, Kung-Kiu and Lamersdorf, Winfried and Pimentel, Ernesto},
 issn = {0925-8388},
 keywords = {Cloud Architecture,Cloud Migration,Cloud Migration Processes,On-premise to Cloud},
 pages = {212--226},
 publisher = {Springer Berlin Heidelberg},
 title = {{A Comparison of On-Premise to Cloud Migration Approaches}},
 url = {http://link.springer.com/10.1007/978-3-642-40651-5{\_}18},
 year = {2013}
}

@article{Paul1996CodeQuery,
 author = {Paul, Santanu and Prakash, Atul},
 doi = {10.1109/32.489080},
 issn = {0098-5589},
 journal = {IEEE Transactions on Software Engineering},
 month = {3},
 number = {3},
 pages = {202--217},
 title = {{A Query Algebra for Program Databases}},
 url = {http://ieeexplore.ieee.org/document/489080/},
 volume = {22},
 year = {1996}
}

@article{Pennington1987Mental,
 author = {Pennington, Nancy},
 doi = {10.1016/0010-0285(87)90007-7},
 issn = {0010-0285},
 journal = {Cognitive Psychology},
 month = {7},
 number = {3},
 pages = {295--341},
 pmid = {16713768},
 title = {{Stimulus Structures and Mental Representations in Expert Comprehension of Computer Programs}},
 url = {https://linkinghub.elsevier.com/retrieve/pii/0010028587900077},
 volume = {19},
 year = {1987}
}

@inproceedings{Perez-Castillo2009PRECISO,
 address = {New York, New York, USA},
 author = {P{\'{e}}rez-Castillo, Ricardo and de Guzm{\'{a}}n, Ignacio Garcia-Rodr{\'{i}}guez and Caballero, Ismael},
 booktitle = {Proceedings of the 2009 ACM symposium on Applied Computing - SAC '09},
 doi = {10.1145/1529282.1529753},
 isbn = {9781605581668},
 keywords = {ADM,PRECISO,candidate},
 pages = {2126--2130},
 publisher = {ACM Press},
 title = {{PRECISO: A Reengineering Process and a Tool for Database Modernisation Through Web Services}},
 url = {http://portal.acm.org/citation.cfm?doid=1529282.1529753},
 year = {2009}
}

@article{Perez-Castillo2011a,
 author = {P{\'{e}}rez-Castillo, Ricardo and Fern{\'{a}}ndez-Ropero, Mar{\'{i}}a and de Guzm{\'{a}}n, Ignacio Garcia-Rodr{\'{i}}guez and Piattini, Mario},
 doi = {10.1109/ICSM.2011.6080834},
 isbn = {9781457706646},
 issn = {1063-6773},
 journal = {IEEE International Conference on Software Maintenance, ICSM},
 keywords = {Business Process,Knowledge Discovery,Metamodel,Model-Driven Development,Reverse Engineering},
 pages = {578--581},
 title = {{MARBLE. A Business Process Archeology Tool}},
 year = {2011}
}

@article{Perez-Castillo2011KDM,
 author = {P{\'{e}}rez-Castillo, Ricardo and {De Guzm{\'{a}}n}, Ignacio Garc{\'{i}}a Rodr{\'{i}}guez and Piattini, Mario},
 doi = {10.1016/j.csi.2011.02.007},
 issn = {0920-5489},
 journal = {Computer Standards and Interfaces},
 keywords = {ISO19506,KDM,Knowledge management,Legacy system,Software modernization},
 number = {6},
 pages = {519--532},
 publisher = {Elsevier B.V.},
 title = {{Knowledge Discovery Metamodel-Iso/Iec 19506: A Standard to Modernize Legacy Systems}},
 url = {http://dx.doi.org/10.1016/j.csi.2011.02.007},
 volume = {33},
 year = {2011}
}

@article{Perez-Castillo2011MARBLE,
 author = {P{\'{e}}rez-Castillo, Ricardo and de Guzm{\'{a}}n, Ignacio Garc{\'{i}}a-Rodr{\'{i}}guez and Piattini, Mario},
 doi = {10.1016/j.infsof.2011.05.006},
 issn = {0950-5849},
 journal = {Information and Software Technology},
 keywords = {ADM,Business process archeology,Case study,KDM,Legacy system,Modernization},
 month = {10},
 number = {10},
 pages = {1023--1044},
 title = {{Business Process Archeology Using MARBLE}},
 url = {http://linkinghub.elsevier.com/retrieve/pii/S0950584911001224},
 volume = {53},
 year = {2011}
}

@article{Perez-Castillo2011Reengineering,
 author = {P{\'{e}}rez-Castillo, Ricardo and de Guzman, Ignacio Garcia-Rodriguez and Piattini, Mario and Ebert, Christof},
 doi = {10.1109/MS.2011.145},
 issn = {0740-7459},
 journal = {IEEE Software},
 keywords = {ADM,legacy system,modernization,reengineering,reengineering tools},
 month = {11},
 number = {6},
 pages = {13--17},
 pmid = {12669456},
 title = {{Reengineering Technologies}},
 url = {http://ieeexplore.ieee.org/document/6055657/},
 volume = {28},
 year = {2011}
}

@article{Perez-Castillo2013PRECISO,
 author = {P{\'{e}}rez-Castillo, Ricardo and {Garc{\'{i}}a-Rodr{\'{i}}guez de Guzm{\'{a}}n}, Ignacio and Caballero, Ismael and Piattini, Mario},
 doi = {10.1002/smr.1554},
 isbn = {9781450330565},
 issn = {2047-7473},
 journal = {Journal of Software: Evolution and Process},
 keywords = {Conceptual schema,Design pattern detection,Object-relational mapping,PRECISO,Reverse engineering,candidate},
 month = {5},
 number = {5},
 pages = {507--533},
 pmid = {67195556},
 title = {{Software Modernization by Recovering Web Services From Legacy Databases}},
 url = {http://doi.wiley.com/10.1002/smr.1554},
 volume = {25},
 year = {2013}
}

@inproceedings{Puder2004a,
 address = {Las Vegas, Nevada, USA},
 author = {Puder, Arno},
 booktitle = {Proceedings of the 2004 International Symposium on Information and Communication Technologies},
 isbn = {1595931708},
 pages = {8--13},
 publisher = {Trinity College Dublin},
 title = {{Extending Desktop Applications to the Web}},
 url = {http://dl.acm.org/citation.cfm?id=1071512},
 year = {2004}
}

@inproceedings{Rajlich2002Concepts,
 author = {Rajlich, V. and Wilde, N.},
 booktitle = {Proceedings 10th International Workshop on Program Comprehension},
 doi = {10.1109/WPC.2002.1021348},
 isbn = {0769514952},
 issn = {1092-8138},
 keywords = {Computer science,Conferences,Credit cards,Documentation,Humans,Programming profession,Software engineering,Software maintenance,Visualization},
 pages = {271--278},
 pmid = {16406313},
 publisher = {IEEE Comput. Soc},
 title = {{The Role of Concepts in Program Comprehension}},
 url = {http://ieeexplore.ieee.org/document/1021348/},
 year = {2002}
}

@book{RayLiu2002,
 author = {Bow, Sing-Tze},
 edition = {2},
 isbn = {0824706595},
 publisher = {CRC Press Inc},
 title = {{Pattern Recognition and Image Preprocessing}},
 url = {http://index-of.co.uk/Artificial-Intelligence/Pattern recognition and image preprocessing  2nd ed -Sing T. Bow.pdf},
 year = {2002}
}

@inproceedings{Razavian2009,
 author = {Razavian, Maryam},
 booktitle = {CEUR Workshop Proceedings},
 isbn = {9789088915895},
 issn = {1613-0073},
 keywords = {SAPIENSA,candidate},
 pages = {13--18},
 title = {{Knowledge-Driven SOA Migration}},
 year = {2009}
}

@incollection{Razavian2010,
 address = {Berlin, Heidelberg},
 author = {Razavian, Maryam and Lago, Patricia},
 booktitle = {Service-Oriented Computing. ICSOC/ServiceWave 2009 Workshops},
 doi = {10.1007/978-3-642-16132-2_42},
 editor = {Dan, Asit and Gittler, Fr{\'{e}}d{\'{e}}ric and Toumani, Farouk},
 isbn = {9783642161322},
 pages = {445--455},
 publisher = {Springer Berlin Heidelberg},
 title = {{Towards a Conceptual Framework for Legacy to SOA Migration}},
 url = {http://link.springer.com/10.1007/978-3-642-16132-2{\_}42},
 year = {2010}
}

@inproceedings{Razavian2010SAPIENSA,
 author = {Razavian, Maryam and Nguyen, Dinh Khoa and Lago, Patricia and van den Heuvel, Willem-Jan},
 booktitle = {Proceedings of the International Workshop on SOA Migration and Evolution (SOAME) 2010},
 editor = {Lewis, G. and Ricca, F. and Postina, M. and Steffens, U. and Winter, A.},
 isbn = {9783000306273},
 keywords = {SAPIENSA,candidate},
 number = {August 2014},
 pages = {21--30},
 publisher = {OFFIS},
 title = {{The SAPIENSA Approach for Service-Enabling Pre-Existing Legacy Assets}},
 url = {http://dare.ubvu.vu.nl/bitstream/handle/1871/19624/Razavian-SAPIENSA-Final.pdf?sequence=2},
 year = {2010}
}

@article{Razavian2010SOA-MF,
 author = {Razavian, Maryam and Lago, Patricia},
 journal = {Journal of Systems Integration},
 keywords = {flight booking system,migration framework,migration strategy,soa},
 pages = {33--43},
 title = {{Understanding SOA Migration Using a Conceptual Framework}},
 year = {2010}
}

@incollection{Razavian2010SurveySOAMigration,
 author = {Razavian, Maryam and Lago, Patricia},
 booktitle = {Towards a Service-Based Internet},
 doi = {10.1007/978-3-642-17694-4_13},
 editor = {{Di Nitto}, Elisabetta and Yahyapour, Ramin},
 keywords = {SLR,survey paper},
 pages = {150--162},
 publisher = {Springer Berlin Heidelberg},
 title = {{A Frame of Reference for SOA Migration}},
 url = {http://link.springer.com/10.1007/978-3-642-17694-4{\_}13},
 year = {2010}
}

@inproceedings{Razavian2011SOASurvey,
 author = {Razavian, Maryam and Lago, Patricia},
 booktitle = {Service-Oriented Computing},
 doi = {10.1007/978-3-642-25535-9_48},
 editor = {Kappel, Gerti and Maamar, Zakaria and Motahari-Nezhad, Hamid R.},
 pages = {618--626},
 publisher = {Springer Berlin Heidelberg},
 title = {{A Survey of SOA Migration in Industry}},
 url = {https://link.springer.com/chapter/10.1007/978-3-642-25535-9{\_}48},
 year = {2011}
}

@inproceedings{Razavian2012,
 address = {New York, New York, USA},
 author = {Razavian, Maryam and Lago, Patricia},
 booktitle = {Proceedings of the WICSA/ECSA 2012 Companion Volume on - WICSA/ECSA '12},
 doi = {10.1145/2361999.2362009},
 isbn = {9781450315685},
 issn = {2047-7481},
 keywords = {SAPIENSA,activity,candidate,interview survey,knowledge,migration to services},
 number = {August},
 pages = {61},
 publisher = {ACM Press},
 title = {{A Lean and Mean Strategy for Migration to Services}},
 url = {http://dl.acm.org/citation.cfm?doid=2361999.2362009},
 year = {2012}
}

@phdthesis{Razavian2013PHD,
 author = {Razavian, Maryam},
 isbn = {9789088915895},
 keywords = {SAPIENSA,candidate},
 school = {Vrije Universiteit Amsterdam},
 title = {{Knowledge-Driven Migration to Services}},
 type = {dissertation},
 url = {https://www.cs.vu.nl/en/Images/Maryam Razavian11apr2013{\_}tcm75-342359.pdf},
 year = {2013}
}

@article{Razavian2014a,
 author = {Razavian, Maryam and Lago, Patricia},
 doi = {10.1002/smr},
 journal = {Journal of Software: Evolution and Process},
 keywords = {SAPIENSA,candidate,legacy migration,migration strategies,technical action research},
 number = {2},
 pages = {141--171},
 title = {{A Lean and Mean Strategy : A Data Migration Industrial Study}},
 url = {http://onlinelibrary.wiley.com/doi/10.1002/smr.1613/abstract},
 volume = {26},
 year = {2014}
}

@techreport{REMICS2013Handbook,
 author = {Benguria, Gorka and Elves{\ae}ter, Brian and Ilieva, Sylvia},
 keywords = {REMICS,candidate},
 title = {{REMICS Handbook , Final Release}},
 year = {2013}
}

@techreport{REMICS2013Migrate,
 author = {Abherv{\'{e}}, Antonin and Sadovykh, Andrey and Srirama, Satish and Jakovits, Pelle and Smialek, Michal and Nowakowski, Wiktor and Ferry, Nicolas and Morin, Brice},
 keywords = {REMICS,candidate},
 number = {257793},
 pages = {1--50},
 title = {{REMICS Migrate Principles and Methods}},
 year = {2013}
}

@techreport{REMICS2013RecoverPrinciples,
 author = {Barbier, Franck and Henry, Alexis and Rybi{\'{n}}ski, Kamil and Blatkiewicz, S{\l}awomir and Smialek, Michal},
 keywords = {REMICS,candidate},
 pages = {1--27},
 title = {{REMICS Recover Principles and Methods}},
 year = {2013}
}

@techreport{Remics2013RecoverToolkit,
 author = {Barbier, Franck and Deltombe, Ga{\"{e}}tan and Rybi{\'{n}}ski, Kamil and Blatkiewicz, S{\l}awomir and {\'{S}}mia{\l}ek, Micha{\l}},
 keywords = {REMICS,candidate},
 number = {257793},
 pages = {1--18},
 title = {{REMICS Recover Toolkit , Final Release}},
 year = {2013}
}

@article{Ren2017Faster-RCNN,
 archiveprefix = {arXiv},
 arxivid = {1506.01497},
 author = {Ren, Shaoqing and He, Kaiming and Girshick, Ross and Sun, Jian},
 doi = {10.1109/TPAMI.2016.2577031},
 eprint = {1506.01497},
 journal = {IEEE Transactions on Pattern Analysis and Machine Intelligence},
 keywords = {Object detection,convolutional neural network,faster r-cnn,rcnn,region proposal},
 month = {6},
 number = {6},
 pages = {1137--1149},
 title = {{Faster R-Cnn: Towards Real-Time Object Detection With Region Proposal Networks}},
 url = {http://ieeexplore.ieee.org/document/7485869/},
 volume = {39},
 year = {2017}
}

@inproceedings{Rivero2013,
 address = {Aalborg, Denmark},
 author = {Rivero, Jos{\'{e}} Mat{\'{i}}as and Heil, Sebastian and Grigera, Juli{\'{a}}n and Gaedke, Martin and Rossi, Gustavo},
 booktitle = {Web Engineering: Proceedings of the 13th International Conference on Web Engineering (ICWE2013)},
 doi = {10.1007/978-3-642-39200-9_4},
 editor = {Daniel, Florian and Dolog, Peter and Li, Quing},
 keywords = {API,Agile Development,Model-Driven Development,Prototyping,meAuthor},
 pages = {7--21},
 publisher = {Springer Berlin Heidelberg},
 title = {{MockAPI: An Agile Approach Supporting API-first Web Application Development}},
 url = {http://dx.doi.org/10.1007/978-3-642-39200-9{\_}4},
 year = {2013}
}

@incollection{Rivero2013MockupDD,
 address = {Cham},
 author = {Rivero, Jos{\'{e}} Mat{\'{i}}as and Rossi, Gustavo},
 booktitle = {Current Trends in Web Engineering: ICWE 2013 International Workshops ComposableWeb, QWE, MDWE, DMSSW, EMotions, CSE, SSN, and PhD Symposium, Aalborg, Denmark, July 8-12, 2013. Revised Selected Papers},
 doi = {10.1007/978-3-319-04244-2_31},
 editor = {Sheng, Quan Z. and Kjeldskov, Jesper},
 isbn = {9783319042442},
 pages = {325--329},
 publisher = {Springer International Publishing},
 title = {{MockupDD: Facilitating Agile Support for Model-Driven Web Engineering}},
 url = {https://doi.org/10.1007/978-3-319-04244-2{\_}31},
 year = {2013}
}

@inproceedings{Rivero2014Electra,
 address = {Toulouse, France},
 author = {Rivero, Jos{\'{e}} Mat{\'{i}}as and Heil, Sebastian and Grigera, Juli{\'{a}}n and {Robles Luna}, Esteban and Gaedke, Martin},
 booktitle = {Web Engineering: Proceedings of the 14th International Conference (ICWE2014)},
 doi = {10.1007/978-3-319-08245-5_35},
 editor = {Casteleyn, S. and Rossi, G. and Winckler, M.},
 isbn = {9783319082448},
 issn = {1611-3349},
 keywords = {API,Agile Development,Model-Driven Development,Prototyping,meAuthor},
 pages = {494--497},
 publisher = {Springer, Cham},
 title = {{An Extensible, Model-Driven and End-User Centric Approach for API Building}},
 url = {http://www.scopus.com/inward/record.url?eid=2-s2.0-84921810134{\&}partnerID=tZOtx3y1 http://link.springer.com/10.1007/978-3-319-08245-5{\_}35},
 volume = {8541},
 year = {2014}
}

@article{Rocha2015RelationalNoSQL,
 author = {Rocha, Leonardo and Vale, Fernando and Cirilo, Elder and Barbosa, D{\'{a}}rlinton and Mour{\~{a}}o, Fernando},
 doi = {10.1016/j.procs.2015.05.367},
 issn = {1877-0509},
 journal = {Procedia Computer Science},
 keywords = {big data migration,framework,nosql,relational},
 pages = {2593--2602},
 title = {{A Framework for Migrating Relational Datasets to NoSQL1}},
 url = {http://linkinghub.elsevier.com/retrieve/pii/S1877050915011758},
 volume = {51},
 year = {2015}
}

@incollection{Rodriguez-Echeverria2010MIGRARIA,
 author = {Rodr{\'{i}}guez-Echeverr{\'{i}}a, Roberto and Conejero, Jos{\'{e}} Mar{\'{i}}a and Linaje, Marino and Preciado, Juan Carlos and S{\'{a}}nchez-Figueroa, Fernando},
 booktitle = {Web Engineering},
 doi = {10.1007/978-3-642-13911-6_13},
 isbn = {9783642139109},
 keywords = {MIGRARIA,candidate,patterns,rich internet applications,web models transformations},
 pages = {189--203},
 title = {{Re-Engineering Legacy Web Applications Into Rich Internet Applications}},
 url = {http://link.springer.com/chapter/10.1007/978-3-642-13911-6{\_}13 http://link.springer.com/10.1007/978-3-642-13911-6{\_}13},
 year = {2010}
}

@incollection{Rodriguez-Echeverria2012MIGRARIA,
 author = {Rodr{\'{i}}guez-Echeverr{\'{i}}a, Roberto and Conejero, Jos{\'{e}} Mar{\'{i}}a and Clemente, Pedro J. and Preciado, Juan Carlos and S{\'{a}}nchez-Figueroa, Fernando},
 booktitle = {7th Model-Driven Web Engineering Workshop, in conjunction with International Conference on Web Engineering (ICWE2012)},
 doi = {10.1007/978-3-642-27997-3_24},
 keywords = {MIGRARIA,candidate,rich internet applications,service identification,software modernization,software reengineering,web models transformations},
 pages = {236--250},
 title = {{Modernization of Legacy Web Applications Into Rich Internet Applications}},
 url = {http://link.springer.com/10.1007/978-3-642-27997-3{\_}24},
 year = {2012}
}

@article{Rose2016InnovationSME,
 author = {Rose, Jeremy and Jones, Matthew and Furneaux, Brent},
 doi = {10.1016/j.im.2015.10.005},
 issn = {0378-7206},
 journal = {Information {\&} Management},
 keywords = {Creativity,Information system development,Innovation,Invention,Knowledge leverage,Management,SME,Small- and medium-sized enterprises,Software},
 month = {4},
 number = {3},
 pages = {307--323},
 publisher = {Elsevier B.V.},
 title = {{An Integrated Model of Innovation Drivers for Smaller Software Firms}},
 url = {http://dx.doi.org/10.1016/j.im.2015.10.005 http://linkinghub.elsevier.com/retrieve/pii/S0378720615001214},
 volume = {53},
 year = {2016}
}

@inproceedings{RoyChoudhary2010WebDiff,
 author = {{Roy Choudhary}, Shauvik and Versee, Husayn and Orso, Alessandro},
 booktitle = {2010 IEEE International Conference on Software Maintenance},
 doi = {10.1109/ICSM.2010.5609728},
 isbn = {9781424486304},
 keywords = {webdiff},
 month = {9},
 pages = {1--6},
 publisher = {IEEE},
 title = {{A Cross-Browser Web Application Testing Tool}},
 url = {http://ieeexplore.ieee.org/document/5609728/},
 year = {2010}
}

@article{RoyChoudhary2014Matching,
 author = {{Roy Choudhary}, Shauvik and Prasad, Mukul R. and Orso, Alessandro},
 doi = {10.1145/2610384.2610409},
 isbn = {9781450326452},
 keywords = {11,8,and even wearable embedded,com,comput-,cross-platform,desktop computers are rapidly,fujitsu,in fact,ing devices,mobile web,mukul,phones and tablets,us},
 pages = {82--92},
 title = {{Cross-Platform Feature Matching for Web Applications}},
 year = {2014}
}

@inproceedings{RoyChoudhary2014XPERT,
 address = {New York, New York, USA},
 author = {{Roy Choudhary}, Shauvik and Prasad, Mukul R. and Orso, Alessandro},
 booktitle = {Proceedings of the 2014 International Symposium on Software Testing and Analysis - ISSTA 2014},
 doi = {10.1145/2610384.2628057},
 isbn = {9781450326452},
 keywords = {cross-browser testing,layout,web testing},
 pages = {417--420},
 publisher = {ACM Press},
 title = {{X-Pert: A Web Application Testing Tool for Cross-Browser Inconsistency Detection}},
 url = {http://dl.acm.org/citation.cfm?doid=2610384.2628057},
 year = {2014}
}

@incollection{Rubin2013FeatureLocation,
 address = {Berlin, Heidelberg},
 author = {Rubin, Julia and Chechik, Marsha},
 booktitle = {Domain Engineering},
 doi = {10.1007/978-3-642-36654-3_2},
 isbn = {9783642366536},
 keywords = {feature location,software maintenance,software product lines},
 pages = {29--58},
 publisher = {Springer Berlin Heidelberg},
 title = {{A Survey of Feature Location Techniques}},
 url = {http://link.springer.com/chapter/10.1007/978-3-642-36654-3{\_}2 http://link.springer.com/10.1007/978-3-642-36654-3{\_}2},
 year = {2013}
}

@article{Rubner1998EMD,
 author = {Rubner, Yossi and Tomasi, Carlo and Guibas, Leonidas J},
 doi = {10.1023/A:1026543900054},
 journal = {International Journal of Computer Vision},
 number = {2},
 pages = {99--121},
 title = {{The Earch Mover's Distance as a Metric for Image Retrieval}},
 url = {http://www.google.co.kr/url?sa=t{\&}rct=j{\&}q=the earth mover's distance as a metric for image retrieval{\&}source=web{\&}cd=1{\&}ved=0CDMQFjAA{\&}url=http{\%}3A{\%}2F{\%}2Fwww.cs.duke.edu{\%}2F{~}tomasi{\%}2Fpapers{\%}2Frubner{\%}2FrubnerTr98.pdf{\&}ei=07ATT5CSMO6tiQf4092PCQ{\&}usg=AFQjCNFH1o86k0hhL},
 volume = {40},
 year = {1998}
}

@article{Saar2016Browserbite,
 author = {Saar, T{\~{o}}nis and Dumas, Marlon and Kaljuve, Marti and Semenenko, Nataliia},
 doi = {10.1002/spe.2387},
 issn = {0038-0644},
 journal = {Software: Practice and Experience},
 keywords = {bug finding,linux,program analysis},
 month = {11},
 number = {11},
 pages = {1459--1477},
 title = {{Browserbite: Cross-Browser Testing via Image Processing}},
 url = {http://doi.wiley.com/10.1002/spe.2387},
 volume = {46},
 year = {2016}
}

@incollection{Sadovykh2011REMICS,
 author = {Sadovykh, Andrey and Hein, Christian and Morin, Brice and Mohagheghi, Parastoo and Berre, Arne J.},
 booktitle = {Towards a Service-Based Internet},
 doi = {10.1007/978-3-642-24755-2_32},
 keywords = {ADM,Cloud computing,REMICS,candidate,legacy systems,model-based analysis,model-based testing,model-driven interoperablity,service-oriented architecture},
 number = {257793},
 pages = {315--316},
 title = {{REMICS- REuse and Migration of Legacy Applications to Interoperable Cloud Services}},
 url = {http://link.springer.com/10.1007/978-3-642-24755-2{\_}32},
 year = {2011}
}

@article{Salton1975VectorSpace,
 author = {Salton, G. and Wong, A. and Yang, C. S.},
 doi = {10.1145/361219.361220},
 issn = {0001-0782},
 journal = {Communications of the ACM},
 keywords = {and phrases,automatic indexing,automatic information,content analysis,document,retrieval},
 number = {11},
 pages = {613--620},
 pmid = {15142973},
 title = {{A Vector Space Model for Automatic Indexing}},
 url = {http://portal.acm.org/citation.cfm?doid=361219.361220},
 volume = {18},
 year = {1975}
}

@inproceedings{Sanoja2014,
 author = {Sanoja, Andres and Gancarski, Stephane},
 booktitle = {2014 International Conference on Multimedia Computing and Systems (ICMCS)},
 doi = {10.1109/ICMCS.2014.6911249},
 isbn = {9781479938247},
 keywords = {correctness,page segmentation,web pages},
 month = {4},
 pages = {595--600},
 publisher = {IEEE},
 title = {{Block-O-Matic: A Web Page Segmentation Framework}},
 url = {http://ieeexplore.ieee.org/document/6911249/},
 volume = {0},
 year = {2014}
}

@incollection{Satzger2014,
 author = {Satzger, Benjamin and Zabolotnyi, Rostyslav and Dustdar, Schahram and Wild, Stefan and Gaedke, Martin and G{\"{o}}bel, Steffen and Nestler, Tobias},
 booktitle = {Economics-Driven Software Architecture},
 doi = {10.1016/B978-0-12-410464-8.00008-8},
 isbn = {9780124104648},
 keywords = {Agile,Business Process,Crowdsourcing,Notivation,Open source.,Project Management,Software Engineering,Software Testing,Sscrum,Task},
 pages = {159--182},
 publisher = {Elsevier},
 title = {{Toward Collaborative Software Engineering Leveraging the Crowd}},
 url = {http://www.sciencedirect.com/science/article/pii/B9780124104648000088 https://linkinghub.elsevier.com/retrieve/pii/B9780124104648000088},
 year = {2014}
}

@book{Sauro2016,
 author = {Sauro, Jeff and Lewis, James R.},
 edition = {2},
 isbn = {9780128023082},
 publisher = {Elsevier LTD, Oxford},
 title = {{Quantifying the User Experience: Practical Statistics for User Research}},
 url = {https://www.sciencedirect.com/book/9780128023082/quantifying-the-user-experience},
 year = {2016}
}

@inproceedings{Saxe2014,
 archiveprefix = {arXiv},
 arxivid = {1605.08642},
 author = {Saxe, Joshua and Turner, Rafael and Blokhin, Kristina},
 booktitle = {2014 9th International Conference on Malicious and Unwanted Software: The Americas (MALWARE)},
 doi = {10.1109/MALWARE.2014.6999417},
 eprint = {1605.08642},
 isbn = {9781479973293},
 keywords = {Malicious applications,Network security,application security,computer security,reverse engineering},
 month = {10},
 pages = {68--75},
 publisher = {IEEE},
 title = {{CrowdSource: Automated Inference of High Level Malware Functionality From Low-Level Symbols Using a Crowd Trained Machine Learning Model}},
 url = {http://ieeexplore.ieee.org/document/6999417/},
 year = {2014}
}

@article{Scholkopf1997SVMRBF,
 author = {Scholkopf, B. and Burges, C.J.C. and Girosi, F. and Niyogi, P. and Poggio, T. and Vapnik, V. N.},
 doi = {10.1109/78.650102},
 issn = {1053-587X},
 journal = {IEEE Transactions on Signal Processing},
 keywords = {Backpropagation algorithms,Clustering algorithms,Gaussian kernels,Gaussian processes,Kernel,Machine learning,Neural networks,Polynomials,RBF case,SV algorithm,Statistical learning,Support vector machine classification,Support vector machines,United States postal service database,Upper bound,X-means clustering,backpropagation,error backpropagation,expected test error,feedforward neural nets,handwritten digits,hybrid system,image classification,learning machine,polynomial classifiers,radial basis function classifiers,recognition accuracy,statistical analysis,statistical learning theory},
 number = {11},
 pages = {2758--2765},
 pmid = {22105909},
 title = {{Comparing Support Vector Machines With Gaussian Kernels to Radial Basis Function Classifiers}},
 url = {http://ieeexplore.ieee.org/lpdocs/epic03/wrapper.htm?arnumber=650102},
 volume = {45},
 year = {1997}
}

@article{Schueffel2016FinTech,
 author = {Schueffel, Patrick},
 doi = {10.2139/ssrn.3097312},
 isbn = {9780769546025 (ISBN)},
 issn = {1556-5068},
 journal = {Journal of Innovation Management},
 keywords = {B26,FinTech,Financial services,G20,G21,G23,L84,O16,banking,financial institution,innovation,research,technology,terminology},
 number = {4},
 pages = {32--54},
 title = {{Taming the Beast: A Scientific Definition of Fintech}},
 volume = {4},
 year = {2016}
}

@inproceedings{Schwabe1996OOHDM,
 address = {New York, New York, USA},
 author = {Schwabe, Daniel and Rossi, Gustavo and Barbosa, Simone D. J.},
 booktitle = {Proceedings of the the seventh ACM conference on Hypertext - HYPERTEXT '96},
 doi = {10.1145/234828.234840},
 isbn = {0897917782},
 pages = {116--128},
 publisher = {ACM Press},
 title = {{Systematic Hypermedia Application Design With OOHDM}},
 url = {http://portal.acm.org/citation.cfm?doid=234828.234840},
 year = {1996}
}

@book{Seacord2003ModernizingLS,
 address = {Boston},
 author = {Seacord, Robert C. and Lewis, Grace and Plakosh, Daniel},
 isbn = {9780321118844},
 keywords = {Portfolio Management,Risk,Risk management},
 publisher = {Addison-Wesley},
 title = {{Modernizing Legacy Systems Software Technologies, Engineering Processes, and Business Practices}},
 url = {https://katalog.bibliothek.tu-chemnitz.de/Record/0003589602},
 year = {2003}
}

@misc{SEI2013SMART-AF,
 author = {{CMU Software Engineering Institute}},
 keywords = {SMART,candidate},
 publisher = {CMU Software Engineering Institute},
 title = {{SMART-AF-Assessment-of-SOA-Adoption-Feasibility-Template}},
 year = {2013}
}

@misc{SEI2013SMART-ENV,
 author = {{CMU Software Engineering Institute}},
 keywords = {SMART,candidate},
 publisher = {CMU Software Engineering Institute},
 title = {{SMART-ENV-SOA-Environment-Strategy}},
 year = {2013}
}

@misc{SEI2013SMART-ESP,
 author = {{CMU Software Engineering Institute}},
 keywords = {SMART,candidate},
 publisher = {CMU Software Engineering Institute},
 title = {{SMART-Portfolio-Migration-Strategy-Feasible}},
 year = {2013}
}

@misc{SEI2013SMART-MPa,
 author = {{CMU Software Engineering Institute}},
 keywords = {SMART,candidate},
 publisher = {CMU Software Engineering Institute},
 title = {{SMART-Migration-Strategy-Feasible}},
 year = {2013}
}

@misc{SEI2013SMART-MPb,
 author = {{CMU Software Engineering Institute}},
 keywords = {SMART,candidate},
 publisher = {CMU Software Engineering Institute},
 title = {{SMART-Migration-Strategy-NotFeasible}},
 year = {2013}
}

@misc{SEI2013SMARTIntro,
 author = {{CMU Software Engineering Institute}},
 keywords = {SMART,candidate},
 publisher = {CMU Software Engineering Institute},
 title = {{Introduction to SMART}},
 year = {2013}
}

@inproceedings{Semenenko2013Browserbite,
 author = {Semenenko, Nataliia and Dumas, Marlon and Saar, T{\~{o}}nis},
 booktitle = {2013 IEEE International Conference on Software Maintenance},
 doi = {10.1109/ICSM.2013.88},
 isbn = {9780769549811},
 keywords = {Cross-browser testing,Image processing,Machine learning},
 month = {9},
 pages = {528--531},
 publisher = {IEEE},
 title = {{Browserbite: Accurate Cross-Browser Testing via Machine Learning Over Image Features}},
 url = {http://ieeexplore.ieee.org/document/6676949/},
 year = {2013}
}

@online{Simpson2016,
 author = {Simpson, Alastair},
 booktitle = {Atlassian Blog},
 keywords = {online},
 title = {{An Agile Design Prototype Is Worth a Thousand User Stories}},
 url = {https://www.atlassian.com/blog/agile/agile-design-prototype},
 urldate = {2019-02-17},
 year = {2016}
}

@article{Sjoberg2013,
 author = {Sjoberg, Dag I.K. and Yamashita, Aiko and Anda, Bente C.D. and Mockus, Audris and Dyba, Tore},
 doi = {10.1109/TSE.2012.89},
 issn = {0098-5589},
 journal = {IEEE Transactions on Software Engineering},
 month = {8},
 number = {8},
 pages = {1144--1156},
 title = {{Quantifying the Effect of Code Smells on Maintenance Effort}},
 url = {http://ieeexplore.ieee.org/document/6392174/},
 volume = {39},
 year = {2013}
}

@article{Sneed1995CostBenefit,
 author = {Sneed, Harry M},
 doi = {10.1109/52.363168},
 issn = {0740-7459},
 journal = {IEEE Software},
 number = {1},
 pages = {24--34},
 title = {{Planning the Reengineering of Legacy Systems}},
 url = {http://ieeexplore.ieee.org/document/363168/},
 volume = {12},
 year = {1995}
}

@incollection{Sneed2010ReMiP,
 author = {Sneed, Harry M. and Wolf, Ellen and Heilmann, Heidi},
 booktitle = {Software-Migration in der Praxis: {\"{U}}bertragung alter Softwaresysteme in eine moderne Umgebung},
 chapter = {4},
 edition = {1},
 isbn = {9783898645645},
 pages = {85--132},
 publisher = {dpunkt Verlag},
 title = {{Der Reference Migration Process (ReMiP)}},
 year = {2010}
}

@book{Sneed2010SoftwareMigration,
 author = {Sneed, Harry M. and Wolf, Ellen and Heilmann, Heidi},
 isbn = {9783898645645},
 publisher = {dpunkt Verlag},
 title = {{Softwaremigration in Der Praxis: {\"{U}}bertragung Alter Softwaresysteme in Eine Moderne Umgebung}},
 year = {2010}
}

@inproceedings{Sosa2013MigraSOA,
 author = {Sosa, Encarna and Clemente, Pedro J. and Conejero, Jos{\'{e}} Mar{\'{i}}a and Rodriguez-Echeverria, Roberto},
 booktitle = {2013 15th IEEE International Symposium on Web Systems Evolution (WSE)},
 doi = {10.1109/WSE.2013.6642418},
 isbn = {9781479916108},
 issn = {2160-6153},
 keywords = {MIGRASOA,adapt their software to,as consequence,candidate,companies,model transformations,oriented architecture,processes may change over,require modernization process to,reverse engineering,service-,their,time,web applications},
 month = {9},
 pages = {61--70},
 publisher = {IEEE},
 title = {{A Model-Driven Process to Modernize Legacy Web Applications Based on Service Oriented Architectures}},
 url = {http://ieeexplore.ieee.org/lpdocs/epic03/wrapper.htm?arnumber=6642418{\%}5Cnpapers3://publication/doi/10.1109/WSE.2013.6642418 http://ieeexplore.ieee.org/lpdocs/epic03/wrapper.htm?arnumber=6642418},
 year = {2013}
}

@inproceedings{Sosa2014MigraSOA,
 author = {Sosa-Sanchez, Encarna and Clemente, Pedro J. and Sanchez-Cabrera, Miguel and Conejero, Jos{\'{e}} Mar{\'{i}}a and Rodriguez-Echeverria, Roberto and Sanchez-Figueroa, Fernando},
 booktitle = {2014 IEEE World Congress on Services},
 doi = {10.1109/SERVICES.2014.90},
 isbn = {9781479950690},
 issn = {2378-3818},
 keywords = {-reverse engineering,MIGRASOA,MigraSOA,candidate,model-driven engineering,oriented architecture,semantic algorithms,service discovery,service-,web applications},
 month = {6},
 number = {i},
 pages = {470--477},
 publisher = {IEEE},
 title = {{Service Discovery Using a Semantic Algorithm in a SOA Modernization Process From Legacy Web Applications}},
 url = {http://ieeexplore.ieee.org/lpdocs/epic03/wrapper.htm?arnumber=6903309},
 year = {2014}
}

@article{SosaSanchez2017MigraSOA,
 author = {{Sosa-Sanchez}, Encarna and Clemente, Pedro J. and Prieto, Alvaro E. and Conejero, Jos{\'{e}} Mar{\'{i}}a and Rodr{\'{i}}guez-Echeverr{\'{i}}a, Roberto},
 doi = {10.1109/TLA.2017.7959351},
 issn = {1548-0992},
 journal = {IEEE Latin America Transactions},
 keywords = {MIGRASOA,business processes,candidate,migration of web applications,service oriented architecture,web services},
 number = {7},
 pages = {1306--1311},
 title = {{MigraSOA: Migration of Legacy Web Applications to Service Oriented Architectures (SOA)}},
 url = {http://ieeexplore.ieee.org/document/7959351/},
 volume = {15},
 year = {2017}
}

@book{Stapleton1997DSDM,
 author = {Stapleton, Jennifer},
 edition = {1},
 isbn = {9780201178890},
 publisher = {Addison-Wesley Professional},
 title = {{DSDM, Dynamic Systems Development Method: The Method in Practice}},
 year = {1997}
}

@techreport{Statista2018MobileWeb,
 author = {Statista},
 title = {{Percentage of All Global Web Pages Served to Mobile Phones From 2009 to 2018}},
 url = {https://www.statista.com/statistics/241462/global-mobile-phone-website-traffic-share/},
 year = {2018}
}

@online{Statista2018SaaSMarketSize,
 author = {Statista},
 keywords = {online,statistics},
 title = {{Total Size of the Public Cloud Software as a Service (SaaS) Market From 2008 to 2020 (In Billion U.S. Dollars)}},
 url = {https://www.statista.com/statistics/510333/worldwide-public-cloud-software-as-a-service/},
 urldate = {2019-12-06},
 year = {2018}
}

@online{Statista2018SaaSStatistics,
 author = {Statista},
 institution = {Statista},
 keywords = {online},
 title = {{Cloud Software as a Service - Statistics {\&} Facts | Statista}},
 url = {https://www.statista.com/topics/3071/cloud-software-as-a-service-saas/},
 urldate = {2019-12-06},
 year = {2018}
}

@inproceedings{Stol2014,
 address = {New York, New York, USA},
 author = {Stol, Klaas-Jan and Fitzgerald, Brian},
 booktitle = {Proceedings of the 36th International Conference on Software Engineering - ICSE 2014},
 doi = {10.1145/2568225.2568249},
 isbn = {9781450327565},
 issn = {0270-5257},
 keywords = {Crowdsourcing,case study,challenges,software development},
 pages = {187--198},
 publisher = {ACM Press},
 title = {{Two's Company, Three's a Crowd: A Case Study of Crowdsourcing Software Development}},
 url = {http://dl.acm.org/citation.cfm?id=2568225.2568249 http://dl.acm.org/citation.cfm?doid=2568225.2568249},
 year = {2014}
}

@article{Storey2009,
 author = {Storey, Margaret-Anne D.},
 doi = {10.1109/WCRE.2009.57},
 isbn = {9780769538679},
 issn = {1095-1350},
 journal = {2009 16th Working Conference on Reverse Engineering},
 pages = {3--3},
 publisher = {IEEE},
 title = {{Beyond the Lone Reverse Engineer: Insourcing, Outsourcing and Crowdsourcing}},
 url = {http://ieeexplore.ieee.org/lpdocs/epic03/wrapper.htm?arnumber=5328621},
 year = {2009}
}

@inproceedings{Strauch2013,
 author = {Strauch, Steve and Andrikopoulos, Vasilios and Bachmann, Thomas and Karastoyanova, Dimka and Passow, Stephan and Vukojevic-Haupt, Karolina},
 booktitle = {2013 IEEE 5th International Conference on Cloud Computing Technology and Science},
 doi = {10.1109/CloudCom.2013.90},
 isbn = {9780769550954},
 issn = {2330-2186},
 keywords = {Application Refactoring,Data Migration,Database layer,Decision Support},
 month = {12},
 pages = {639--646},
 publisher = {IEEE},
 title = {{Decision Support for the Migration of the Application Database Layer to the Cloud}},
 url = {http://ieeexplore.ieee.org/lpdocs/epic03/wrapper.htm?arnumber=6753856},
 volume = {1},
 year = {2013}
}

@misc{Stroulia,
 author = {Stroulia, Eleni and Sorenson, Paul},
 keywords = {CelLEST,candidate},
 title = {{CelLEST : CEL Legacy Enhancement Software Technologies}}
}

@inproceedings{Stroulia1999,
 author = {Stroulia, Eleni and El-Ramly, Mohammad and Kong, Lanyan and Sorenson, P. and Matichuk, Bruce},
 booktitle = {Sixth Working Conference on Reverse Engineering (Cat. No.PR00303)},
 doi = {10.1109/WCRE.1999.806968},
 isbn = {0769503039},
 keywords = {CelLEST,candidate},
 pages = {292--302},
 publisher = {IEEE Comput. Soc},
 title = {{Reverse Engineering Legacy Interfaces: An Interaction-Driven Approach}},
 url = {http://ieeexplore.ieee.org/lpdocs/epic03/wrapper.htm?arnumber=806968 http://ieeexplore.ieee.org/document/806968/},
 year = {1999}
}

@inproceedings{Stroulia2002,
 author = {Stroulia, Eleni and El-Ramly, Mohammad and Sorenson, Paul},
 booktitle = {International Conference on Software Maintenance, 2002. Proceedings.},
 doi = {10.1109/ICSM.2002.1167788},
 isbn = {0769518192},
 issn = {1063-6773},
 keywords = {Application software,CelLEST,CelLEST project,Computer languages,Context modeling,Context-aware services,Internet,Programming,Reverse engineering,Spine,User interfaces,Web services,Web sites,World Wide Web,candidate,case study,diagrams,legacy application reengineering,mainframe hosts,software maintenance,software reusability,software reuse,specifications,state-transition diagram,systems re-engineering,user interaction modeling,user modeling,user modelling,user-interface front-ends},
 pages = {320--329},
 publisher = {IEEE Comput. Soc},
 title = {{From Legacy to Web Through Interaction Modeling}},
 url = {http://ieeexplore.ieee.org/xpls/abs{\_}all.jsp?arnumber=1167788 http://ieeexplore.ieee.org/lpdocs/epic03/wrapper.htm?arnumber=1167788},
 year = {2002}
}

@inproceedings{Stroulia2002Book,
 address = {Dordrecht},
 author = {Stroulia, Eleni and Kapoor, Rohit V.},
 booktitle = {Computer-Aided Design of User Interfaces III},
 doi = {10.1007/978-94-010-0421-3_26},
 editor = {Kolski, C. and Vanderdonckt, J.},
 keywords = {CelLEST,candidate},
 pages = {295--310},
 publisher = {Springer Netherlands},
 title = {{Reverse Engineering Interaction Plans for Legacy Interface Migration}},
 url = {http://www.springerlink.com/index/10.1007/978-94-010-0421-3{\_}26},
 year = {2002}
}

@article{Stroulia2002DynamicAnalysis,
 author = {Stroulia, Eleni and Syst{\"{a}}, Tarja},
 doi = {10.1145/568235.568237},
 issn = {1559-6915},
 journal = {ACM SIGAPP Applied Computing Review},
 keywords = {dynamic analysis,reverse engineering},
 month = {4},
 number = {1},
 pages = {8--17},
 title = {{Dynamic Analysis for Reverse Engineering and Program Understanding}},
 url = {http://dl.acm.org/citation.cfm?id=568235.568237 http://portal.acm.org/citation.cfm?doid=568235.568237},
 volume = {10},
 year = {2002}
}

@article{Stroulia2003,
 author = {Stroulia, Eleni and El-Ramly, Mohammad and Iglinski, P. and Sorenson, Paul},
 doi = {10.1023/A:1024460315173},
 issn = {1573-7535},
 journal = {Automated Software Engineering},
 keywords = {CelLEST,candidate,interface reengineering,legacy system reengineering,reverse engineering,user interface migration},
 month = {7},
 number = {3},
 pages = {271--301},
 title = {{User Interface Reverse Engineering in Support of Interface Migration to the Web}},
 url = {http://link.springer.com/10.1023/A:1024460315173 https://doi.org/10.1023/A:1024460315173},
 volume = {10},
 year = {2003}
}

@book{SWEBOK2014,
 address = {Los Alamitos, CA, USA},
 author = {{IEEE Computer Society}},
 edition = {3rd},
 editor = {Bourque, P. and Fairley, R.E.},
 isbn = {9780769551661},
 publisher = {IEEE Computer Society Press},
 title = {{Guide to the Software Engineering Body of Knowledge (SWEBOK (R)): Version 3.0}},
 year = {2014}
}

@inproceedings{Tak2014,
 author = {Tak, Byung Chul and Tang, Chunqiang},
 booktitle = {2014 IEEE 7th International Conference on Cloud Computing},
 doi = {10.1109/CLOUD.2014.112},
 isbn = {9781479950638},
 issn = {2159-6190},
 keywords = {cloud,legacy application,migration},
 month = {6},
 pages = {810--817},
 publisher = {IEEE},
 title = {{AppCloak: Rapid Migration of Legacy Applications Into Cloud}},
 url = {http://ieeexplore.ieee.org/lpdocs/epic03/wrapper.htm?arnumber=6973818},
 year = {2014}
}

@inproceedings{Talton2011Bricolage,
 address = {New York, New York, USA},
 author = {Kumar, Ranjitha and Talton, Jerry O. and Ahmad, Salman and Klemmer, Scott R},
 booktitle = {Proceedings of the 2011 annual conference on Human factors in computing systems - CHI '11},
 doi = {10.1145/1978942.1979262},
 isbn = {9781450302289},
 pages = {2197},
 publisher = {ACM Press},
 title = {{Bricolage: Example-Based Retargeting for Web Design}},
 url = {http://dl.acm.org/citation.cfm?id=1979262 http://dl.acm.org/citation.cfm?doid=1978942.1979262},
 year = {2011}
}

@article{Tan2016APIEconomy,
 author = {Tan, Wei and Fan, Yushun and Ghoneim, Ahmed and Hossain, M. Anwar and Dustdar, Schahram},
 doi = {10.1109/MIC.2016.74},
 issn = {1089-7801},
 journal = {IEEE Internet Computing},
 keywords = {Big Data,Internet/Web technologies,Machine learning,SOA,Web API,cloud computing,intelligent systems,service-oriented architecture,services computing},
 month = {7},
 number = {4},
 pages = {64--68},
 publisher = {IEEE},
 title = {{From the Service-Oriented Architecture to the Web API Economy}},
 url = {http://ieeexplore.ieee.org/document/7529010/},
 volume = {20},
 year = {2016}
}

@inproceedings{Tilley1996ProgramUnderstanding,
 author = {Tilley, Scott R. and Paul, Santanu and Smith, Dennis B.},
 booktitle = {WPC '96. 4th Workshop on Program Comprehension},
 doi = {10.1109/WPC.1996.501117},
 isbn = {0818672838},
 issn = {1092-8138},
 keywords = {classification framework,engineering environment must make,ping process easier by,program under-,recovering lost information and,reverse engineering,standing,this inverse map-},
 pages = {19--28},
 pmid = {11206654},
 title = {{Towards a Framework for Program Understanding}},
 url = {http://ieeexplore.ieee.org/lpdocs/epic03/wrapper.htm?arnumber=501117},
 year = {1996}
}

@inproceedings{Torchiano2008ItalianSurvey,
 author = {Torchiano, Marco and {Di Penta}, Massimiliano and Ricca, Filippo and Lucia, Andrea De and Lanubile, Filippo},
 booktitle = {Proceedings of Evol 2008: 4th Intl. ERCIM Workshop on Software Evolution and Evolvability},
 doi = {10.1109/ASEW.2008.4686319},
 isbn = {9781424427765},
 keywords = {Industrial survey,Migration projects,Migration tools,State of the practice},
 month = {9},
 number = {l},
 pages = {35--42},
 publisher = {IEEE},
 title = {{Software Migration Projects in Italian Industry: Preliminary Results From a State of the Practice Survey}},
 url = {http://ieeexplore.ieee.org/document/4686319/},
 year = {2008}
}

@article{Tripp1990,
 author = {Tripp, Steven D. and Bichelmeyer, Barbara},
 doi = {10.1007/BF02298246},
 issn = {1042-1629},
 journal = {Educational Technology Research and Development},
 month = {3},
 number = {1},
 pages = {31--44},
 pmid = {10346315},
 title = {{Rapid Prototyping: An Alternative Instructional Design Strategy}},
 url = {http://link.springer.com/10.1007/BF02298246},
 volume = {38},
 year = {1990}
}

@article{Tuch2009VisualComplexity,
 author = {Tuch, Alexandre N. and Bargas-Avila, Javier A. and Opwis, Klaus and Wilhelm, Frank H.},
 doi = {10.1016/j.ijhcs.2009.04.002},
 issn = {1071-5819},
 journal = {International Journal of Human-Computer Studies},
 keywords = {Affect,Affective computing,Attention,First impression,Internet,Psychophysiology,Website aesthetics},
 month = {9},
 number = {9},
 pages = {703--715},
 pmid = {11515286},
 publisher = {Elsevier},
 title = {{Visual Complexity of Websites: Effects on Users' Experience, Physiology, Performance, and Memory}},
 url = {http://dx.doi.org/10.1016/j.ijhcs.2009.04.002 http://linkinghub.elsevier.com/retrieve/pii/S107158190900055X},
 volume = {67},
 year = {2009}
}

@article{Tunkelang2009FacetedSearch,
 author = {Tunkelang, Daniel},
 doi = {10.2200/S00190ED1V01Y200904ICR005},
 issn = {1947-945X},
 journal = {Synthesis Lectures on Information Concepts, Retrieval, and Services},
 month = {1},
 number = {1},
 pages = {1--80},
 title = {{Faceted Search}},
 url = {http://www.morganclaypool.com/doi/abs/10.2200/S00190ED1V01Y200904ICR005},
 volume = {1},
 year = {2009}
}

@inproceedings{Tzvetkov2005,
 author = {Tzvetkov, Ventzislav and {Xiong Wang}},
 booktitle = {The Fifth International Conference on Computer and Information Technology (CIT'05)},
 doi = {10.1109/CIT.2005.95},
 isbn = {076952432X},
 pages = {130--135},
 publisher = {IEEE},
 title = {{DBXML - Connecting XML With Relational Databases}},
 url = {http://ieeexplore.ieee.org/document/1562640/},
 year = {2005}
}

@techreport{Ulrich2011,
 author = {Ulrich, William M.},
 title = {{Architecture - Driven Modernization 101: Concepts, Strategies {\&} Justification}},
 url = {www.systemtransformation.com},
 year = {2011}
}

@incollection{VanRooij2016,
 author = {van Rooij, Gijs and Sewnarain, Ravi and Skogholt, Martin and van der Zaan, Tim and Frasincar, Flavius and Schouten, Kim},
 booktitle = {International Conference on Web Information Systems Engineering},
 doi = {10.1007/978-3-319-48740-3_28},
 keywords = {Web products,data types,duplicate detection,property matching,web content similarity analysis},
 pages = {380--395},
 title = {{A Data Type-Driven Property Alignment Framework for Product Duplicate Detection on the Web}},
 url = {http://link.springer.com/10.1007/978-3-319-48740-3{\_}28},
 year = {2016}
}

@article{Vavliakis2011,
 author = {Vavliakis, Konstantinos N. and Symeonidis, Andreas L. and Karagiannis, Georgios T. and Mitkas, Pericles A.},
 doi = {10.1016/j.eswa.2010.09.045},
 issn = {0957-4174},
 journal = {Expert Systems with Applications},
 month = {4},
 number = {4},
 pages = {3844--3856},
 title = {{An Integrated Framework for Enhancing the Semantic Transformation, Editing and Querying of Relational Databases}},
 url = {https://linkinghub.elsevier.com/retrieve/pii/S095741741001002X},
 volume = {38},
 year = {2011}
}

@article{Vavliakis2013,
 author = {Vavliakis, Konstantinos N. and Grollios, Theofanis K. and Mitkas, Pericles A.},
 doi = {10.1016/j.jss.2012.07.018},
 issn = {0164-1212},
 journal = {Journal of Systems and Software},
 month = {1},
 number = {1},
 pages = {89--99},
 title = {{RDOTE – Publishing Relational Databases Into the Semantic Web}},
 url = {https://linkinghub.elsevier.com/retrieve/pii/S0164121212002117},
 volume = {86},
 year = {2013}
}

@article{W3C2003SOAP,
 author = {Mitra, Nilo and Lafon, Yves and Others},
 journal = {W3C recommendation},
 pages = {12},
 title = {{Soap Version 1.2 Part 0: Primer}},
 volume = {24},
 year = {2003}
}

@article{W3C2007WSDL2.0,
 author = {Chinnici, Roberto and Moreau, Jean-Jacques and Ryman, Arthur and Weerawarana, Sanjiva},
 journal = {W3C recommendation},
 number = {1},
 pages = {19},
 title = {{Web Services Description Language (Wsdl) Version 2.0 Part 1: Core Language}},
 url = {https://www.w3.org/TR/wsdl/},
 volume = {26},
 year = {2007}
}

@misc{W3C2015DOM,
 author = {W3C},
 booktitle = {W3C Recommendation 19 November 2015},
 keywords = {standard},
 title = {{W3C Document Object Model, W3C Recommendation, 19 November 2015}},
 url = {https://www.w3.org/TR/dom/},
 year = {2015}
}

@misc{W3C2017CSSGrid,
 author = {W3C},
 booktitle = {W3C Candidate Recommendation, 14 December 2017},
 institution = {W3C},
 keywords = {standard},
 title = {{CSS Grid Layout Module Level 1, W3C Candidate Recommendation, 14 December 2017}},
 url = {https://www.w3.org/TR/css-grid-1/},
 urldate = {2019-02-24},
 year = {2017}
}

@misc{W3C2017OA,
 author = {W3C},
 booktitle = {W3C Recommendation 23 February 2017},
 keywords = {standard},
 title = {{Web Annotation Data Model, W3C Recommendation, 23 February 2017}},
 url = {https://www.w3.org/TR/annotation-model/},
 year = {2017}
}

@misc{W3C2018WebAssembly,
 author = {W3C},
 booktitle = {W3C Recommendation, 5 December 2019},
 institution = {W3C},
 keywords = {standard},
 title = {{WebAssembly Core Specification, W3C Recommendation, 5 December 2019}},
 url = {https://www.w3.org/TR/wasm-core-1/},
 year = {2019}
}

@misc{W3C2018WebComponents,
 author = {W3C},
 keywords = {WebComponents,standard},
 title = {{Web Components, W3C Working Group Note, 01 March 2018}},
 url = {https://www.w3.org/standards/techs/components{\#}w3c{\_}all},
 urldate = {2019-02-24},
 year = {2018}
}

@book{Wagner2014,
 address = {Wiesbaden},
 author = {Wagner, Christian},
 doi = {https://doi.org/10.1007/978-3-658-05270-6},
 isbn = {9783658052706},
 publisher = {Springer Vieweg},
 title = {{Model-Driven Software Migration: A Methodology}},
 url = {http://link.springer.com/10.1007/978-3-658-05270-6 https://link.springer.com/book/10.1007{\%}2F978-3-658-05270-6},
 year = {2014}
}

@book{Wallmueller2001SoftwareQuality,
 address = {M{\"{u}}nchen},
 author = {Wallm{\"{u}}ller, E},
 edition = {2., v{\"{o}}llig},
 isbn = {9783446404052},
 publisher = {Hanser},
 title = {{Software-Qualit{\"{a}}tsmanagement in Der Praxis: Software-Qualit{\"{a}}t Durch F{\"{u}}hrung Und Verbesserung Von Software-Prozessen}},
 url = {https://books.google.de/books?id=BdWJuc7i0QEC},
 year = {2001}
}

@inproceedings{Walsh2017ReDeCheck,
 address = {New York, New York, USA},
 author = {Walsh, Thomas A. and Kapfhammer, Gregory M. and McMinn, Phil},
 booktitle = {Proceedings of the 26th ACM SIGSOFT International Symposium on Software Testing and Analysis - ISSTA 2017},
 doi = {10.1145/3092703.3098221},
 isbn = {9781450350761},
 keywords = {2017,acm reference format,and phil mcminn,gregory m,kap ammer,layout failures,omas a,presentation failures,r,responsive web design,walsh},
 pages = {360--363},
 publisher = {ACM Press},
 title = {{ReDeCheck: An Automatic Layout Failure Checking Tool for Responsively Designed Web Pages}},
 url = {http://dl.acm.org/citation.cfm?doid=3092703.3098221},
 year = {2017}
}

@article{Wang2014,
 author = {Wang, Shuen-tai and Chang, Hsi-ya},
 journal = {International Journal of Computer, Electrical, Automaton, Control and Information Engineering},
 keywords = {NCHC,candidate,cloud,html5,remote desktop,virtualization},
 number = {8},
 pages = {1241--1245},
 title = {{Development of Web-Based Remote Desktop to Provide Adaptive User Interfaces in Cloud Platform}},
 volume = {8},
 year = {2014}
}

@inproceedings{Warren2002Renaissance,
 author = {Warren, Ian and Ransom, J.},
 booktitle = {Proceedings 26th Annual International Computer Software and Applications},
 doi = {10.1109/CMPSAC.2002.1045037},
 isbn = {0769517277},
 issn = {0730-3157},
 keywords = {evolution,incremental,legacy,maintenance,method,reengineering,system},
 pages = {415--420},
 publisher = {IEEE Comput. Soc},
 title = {{Renaissance: A Method to Support Software System Evolution}},
 url = {http://ieeexplore.ieee.org/document/1045037/},
 year = {2002}
}

@book{warren2012renaissance,
 author = {Warren, Ian},
 doi = {10.1007/978-1-4471-0817-7},
 isbn = {9781447108177},
 publisher = {Springer Science {\&} Business Media},
 title = {{The Renaissance of Legacy Systems: Method Support for Software-System Evolution}},
 year = {2012}
}

@article{Wasserman1982,
 address = {New York, New York, USA},
 author = {Wasserman, Anthony I. and Shewmake, David T.},
 doi = {10.1145/1006258.1006289},
 isbn = {089791094X},
 issn = {0163-5948},
 journal = {ACM SIGSOFT Software Engineering Notes},
 month = {12},
 number = {5},
 pages = {171--180},
 publisher = {ACM Press},
 title = {{Rapid Prototyping of Interactive Information Systems}},
 url = {http://portal.acm.org/citation.cfm?doid=1006259.1006289 http://portal.acm.org/citation.cfm?doid=1006258.1006289},
 volume = {7},
 year = {1982}
}

@inproceedings{Watanabe2002NCGA,
 author = {Watanabe, Shinya and Hiroyasu, Tomoyuki and Miki, Mitsunori},
 booktitle = {Proceedings of the 4th Asia-Pacific Conference on Simulated Evolution And Learning},
 doi = {10.1.1.560.1370},
 keywords = {gorithm,multi-objective optimizationqb genetic al-,neighborhood crossover},
 pages = {198--202},
 title = {{NCGA : Neighborhood Cultivation Genetic Algorithm for Multi-Objective Optimization Problems}},
 volume = {6930},
 year = {2002}
}

@article{Watanabe2018,
 author = {Watanabe, Willian Massami and Am{\^{e}}ndola, Giovana L{\'{a}}zaro and Paes, Fagner Christian},
 doi = {10.1145/3316808},
 issn = {1559-1131},
 journal = {ACM Transactions on the Web},
 keywords = {Cross-browser incompatibilities,Cross-platform incompatibilities,Incompatibilities automatic detection},
 month = {3},
 number = {2},
 pages = {1--27},
 title = {{Layout Cross-Platform and Cross-Browser Incompatibilities Detection Using Classification of DOM Elements}},
 url = {http://dl.acm.org/citation.cfm?doid=3313948.3316808},
 volume = {13},
 year = {2019}
}

@inproceedings{Weidema2016CrowdDesign,
 address = {New York, New York, USA},
 author = {Weidema, Edgar R.Q. and L{\'{o}}pez, Consuelo and Nayebaziz, Sahand and Spanghero, Fernando and van der Hoek, Andr{\'{e}}},
 booktitle = {Proceedings of the 3rd International Workshop on CrowdSourcing in Software Engineering - CSI-SE '16},
 doi = {10.1145/2897659.2897664},
 isbn = {9781450341585},
 keywords = {alternatives,crowdsourcing,microtasks,software design},
 pages = {41--44},
 publisher = {ACM Press},
 title = {{Toward Microtask Crowdsourcing Software Design Work}},
 url = {https://www.engineeringvillage.com/share/document.url?mid=cpx{\_}76baccba155733a0379M69ec10178163171{\&}database=cpx{\%}5Cnhttp://doi.acm.org/10.1145/2897659.2897664 http://dl.acm.org/citation.cfm?doid=2897659.2897664},
 year = {2016}
}

@book{Weise2009Optimization,
 author = {Weise, Thomas},
 doi = {10.1.1.64.8184},
 edition = {2nd Ed},
 publisher = {Thomas Weise},
 title = {{Global Optimization Algorithm: Theory and Application}},
 url = {http://www.it-weise.de/projects/book.pdf{\%}5Cnhttp://citeseerx.ist.psu.edu/viewdoc/download?doi=10.1.1.64.8184{\&}rep=rep1{\&}type=pdf},
 volume = {1},
 year = {2009}
}

@inproceedings{Wendland2013REMICS,
 address = {New York, New York, USA},
 author = {Wendland, Marc-Florian and Kranz, Marco and Hein, Christian and Ritter, Tom and {Garc{\'{i}}a Flaquer}, Ana},
 booktitle = {Proceedings of the 2013 International Workshop on Joining AcadeMiA and Industry Contributions to testing Automation - JAMAICA 2013},
 doi = {10.1145/2489280.2489291},
 isbn = {9781450321617},
 keywords = {REMICS,automation,candidate,fokus,mbt,model-based testing,model-driven modernization,test,uml testing profile,utp},
 pages = {35--40},
 publisher = {ACM Press},
 title = {{Model-Based Testing in Legacy Software Modernization: An Experience Report}},
 url = {http://dl.acm.org/citation.cfm?doid=2489280.2489291},
 year = {2013}
}

@online{Wessa2017Statistics,
 author = {Wessa, P},
 booktitle = {Free Statistics Software (v1.2.1)},
 keywords = {online},
 title = {{Multiple Regression (V1.0.48)}},
 url = {https://www.wessa.net/rwasp_multipleregression.wasp},
 urldate = {2019-03-31},
 year = {2017}
}

@inproceedings{Winter2011SOAMIG,
 author = {Winter, Andreas and Zillmann, C. and Herget, A. and Teppe, Werner and Theurer, M. and Fuhr, Andreas and Horn, Tassilo and Riediger, Volker and Erdmenger, Uwe and Kaiser, Uwe and Uhlig, D. and Zimmermann, Y.},
 booktitle = {First International Workshop on Model-Driven Software Migration (MDSM 2011)},
 issn = {1613-0073},
 keywords = {SOAMIG,candidate},
 pages = {15--16},
 title = {{SOAMIG Project: Model-Driven Software Migration Towards Service-Oriented Architectures}},
 year = {2011}
}

@techreport{Wood1992Prototyping,
 address = {Pittsburgh, PA},
 author = {Wood, David and Kang, Kyo},
 doi = {10.1.1.648.435},
 institution = {Software Engineering Institute, Carnegie Mellon University},
 number = {CMU/SEI-92-TR-013},
 title = {{A Classification and Bibliography of Software Prototyping}},
 url = {http://resources.sei.cmu.edu/library/asset-view.cfm?AssetID=11641},
 year = {1992}
}

@inproceedings{XuanFan2010,
 author = {{Xuan Fan} and {Pingjian Zhang} and {Juanjuan Zhao}},
 booktitle = {2010 Second International Conference on Communication Systems, Networks and Applications},
 doi = {10.1109/ICCSNA.2010.5588750},
 isbn = {9781424474752},
 keywords = {Constraints,Jena,Relational schema,Semantics web},
 month = {6},
 pages = {379--384},
 publisher = {IEEE},
 title = {{Transformation of Relational Database Schema to Semantics Web Model}},
 url = {http://ieeexplore.ieee.org/document/5588750/},
 volume = {1},
 year = {2010}
}

@article{Yli-Huumo2016TD,
 author = {Yli-Huumo, Jesse and Maglyas, Andrey and Smolander, Kari},
 doi = {10.1016/j.jss.2016.05.018},
 issn = {0164-1212},
 journal = {Journal of Systems and Software},
 keywords = {Exploratory case study,Technical debt,Technical debt management},
 pages = {195--218},
 publisher = {Elsevier Inc.},
 title = {{How Do Software Development Teams Manage Technical Debt? – An Empirical Study}},
 volume = {120},
 year = {2016}
}

@inproceedings{Zakai2011Emscripten,
 author = {Zakai, Alon},
 booktitle = {Proceedings of the ACM international conference companion on Object oriented programming systems languages and applications companion},
 doi = {10.1145/2048147.2048224},
 isbn = {9781450309424},
 keywords = {decompiler,javascript,llvm},
 pages = {301--312},
 title = {{Emscripten: An LLVM-to-JavaScript Compiler}},
 url = {http://doi.acm.org/10.1145/2048147.2048224},
 year = {2011}
}

@inproceedings{Zhao2014a,
 author = {Zhao, Gansen and Lin, Qiaoying and Li, Libo and Li, Zijing},
 booktitle = {2014 Ninth International Conference on P2P, Parallel, Grid, Cloud and Internet Computing},
 doi = {10.1109/3PGCIC.2014.137},
 isbn = {9781479941711},
 keywords = {Database Migration,Denormalization,NoSQL Database,Schema Conversion},
 month = {11},
 pages = {355--362},
 publisher = {IEEE},
 title = {{Schema Conversion Model of SQL Database to NoSQL}},
 url = {http://ieeexplore.ieee.org/lpdocs/epic03/wrapper.htm?arnumber=7024609},
 year = {2014}
}

@inproceedings{Zillmann2011SOAMIG,
 author = {Zillmann, C. and Winter, Andreas and Herget, A. and Teppe, Werner and Theurer, M. and Fuhr, Andreas and Horn, Tassilo and Riediger, Volker and Erdmenger, Uwe and Kaiser, Uwe and Uhlig, D. and Zimmermann, Y.},
 booktitle = {2011 15th European Conference on Software Maintenance and Reengineering},
 doi = {10.1109/CSMR.2011.48},
 isbn = {9781612842592},
 issn = {1534-5351},
 keywords = {Migration,Process model,SOAMIG,SOAMIG PROCESS,Soa,Transformation,candidate},
 month = {3},
 number = {April 2009},
 pages = {339--342},
 publisher = {IEEE},
 title = {{The SOAMIG Process Model in Industrial Applications}},
 url = {http://ieeexplore.ieee.org/document/5741357/},
 year = {2011}
}

